%% This BibTeX bibliography file was created using BibDesk.
%% http://bibdesk.sourceforge.net/


%% Created for Claus Portner at 2017-10-05 14:09:53 -0700 


%% Saved with string encoding Unicode (UTF-8) 



@incollection{David1986,
	Author = {Paul David and Warren Sanderson},
	Booktitle = {Long-Term Factors in American Economic Growth},
	Date-Added = {2017-10-05 21:09:35 +0000},
	Date-Modified = {2017-10-05 21:09:35 +0000},
	Editor = {Stanley L. Engerman and Robert E. Gallman},
	Keywords = {Tanzania},
	Pages = {307-390},
	Publisher = {University of Chicago Press},
	Title = {Rudimentary Contraceptive Methods and the American Transition to Marital Fertility Control, 1855-1915},
	Url = {http://www.nber.org/chapters/c9685},
	Year = {1986},
	Bdsk-File-1 = {YnBsaXN0MDDUAQIDBAUGJCVYJHZlcnNpb25YJG9iamVjdHNZJGFyY2hpdmVyVCR0b3ASAAGGoKgHCBMUFRYaIVUkbnVsbNMJCgsMDxJXTlMua2V5c1pOUy5vYmplY3RzViRjbGFzc6INDoACgAOiEBGABIAFgAdccmVsYXRpdmVQYXRoWWFsaWFzRGF0YV8QjC4uLy4uLy4uLy4uL0xpYnJhcnkvTW9iaWxlIERvY3VtZW50cy8zTDY4S1FCNEhHfmNvbX5yZWFkZGxlfkNvbW1vbkRvY3VtZW50cy9Eb2N1bWVudHMvZGF2aWQvZGF2aWQtMTk4Ni1ydWRpbWVudGFyeSBjb250cmFjZXB0aXZlIG1ldGhvZHMucGRm0hcLGBlXTlMuZGF0YU8RAogAAAAAAogAAgAADE1hY2ludG9zaCBIRAAAAAAAAAAAAAAAAAAAANOlyP1IKwAAAUzDLB9kYXZpZC0xOTg2LXJ1ZGltZW50IzE0Qzg2NUEucGRmAAAAAAAAAAAAAAAAAAAAAAAAAAAAAAAAAAAAAAAAAAABTIZa1fuahAAAAAAAAAAAAAQABgAACSAAAAAAAAAAAAAAAAAAAAAFZGF2aWQAABAACAAA06YrbQAAABEACAAA1fv89AAAAAEAHAFMwywACZW5AAmVtgAJkzYACYukAAmLnwAGMOIAAgCITWFjaW50b3NoIEhEOlVzZXJzOgBjbGF1czoATGlicmFyeToATW9iaWxlIERvY3VtZW50czoAM0w2OEtRQjRIR35jb21+cmVhZGRsZX5DbyM5OTVCNjoARG9jdW1lbnRzOgBkYXZpZDoAZGF2aWQtMTk4Ni1ydWRpbWVudCMxNEM4NjVBLnBkZgAOAGIAMABkAGEAdgBpAGQALQAxADkAOAA2AC0AcgB1AGQAaQBtAGUAbgB0AGEAcgB5ACAAYwBvAG4AdAByAGEAYwBlAHAAdABpAHYAZQAgAG0AZQB0AGgAbwBkAHMALgBwAGQAZgAPABoADABNAGEAYwBpAG4AdABvAHMAaAAgAEgARAASAIxVc2Vycy9jbGF1cy9MaWJyYXJ5L01vYmlsZSBEb2N1bWVudHMvM0w2OEtRQjRIR35jb21+cmVhZGRsZX5Db21tb25Eb2N1bWVudHMvRG9jdW1lbnRzL2RhdmlkL2RhdmlkLTE5ODYtcnVkaW1lbnRhcnkgY29udHJhY2VwdGl2ZSBtZXRob2RzLnBkZgATAAEvAAAVAAIADP//AACABtIbHB0eWiRjbGFzc25hbWVYJGNsYXNzZXNdTlNNdXRhYmxlRGF0YaMdHyBWTlNEYXRhWE5TT2JqZWN00hscIiNcTlNEaWN0aW9uYXJ5oiIgXxAPTlNLZXllZEFyY2hpdmVy0SYnVHJvb3SAAQAIABEAGgAjAC0AMgA3AEAARgBNAFUAYABnAGoAbABuAHEAcwB1AHcAhACOAR0BIgEqA7YDuAO9A8gD0QPfA+MD6gPzA/gEBQQIBBoEHQQiAAAAAAAAAgEAAAAAAAAAKAAAAAAAAAAAAAAAAAAABCQ=}}

@techreport{Development-Research-Group2004,
	Address = {Washington, DC},
	Author = {{Development Research Group}},
	Date-Added = {2017-10-04 17:18:07 +0000},
	Date-Modified = {2017-10-04 17:20:11 +0000},
	Institution = {World Bank},
	Keywords = {Tanzania},
	Month = {December},
	Title = {User's Guide to the Kagera Health and Development Survey Datasets},
	Year = {2004},
	Bdsk-File-1 = {YnBsaXN0MDDUAQIDBAUGJCVYJHZlcnNpb25YJG9iamVjdHNZJGFyY2hpdmVyVCR0b3ASAAGGoKgHCBMUFRYaIVUkbnVsbNMJCgsMDxJXTlMua2V5c1pOUy5vYmplY3RzViRjbGFzc6INDoACgAOiEBGABIAFgAdccmVsYXRpdmVQYXRoWWFsaWFzRGF0YV8Qry4uLy4uLy4uLy4uL0xpYnJhcnkvTW9iaWxlIERvY3VtZW50cy8zTDY4S1FCNEhHfmNvbX5yZWFkZGxlfkNvbW1vbkRvY3VtZW50cy9Eb2N1bWVudHMvZGV2ZWxvcG1lbnQgcmVzZWFyY2ggZ3JvdXAvZGV2ZWxvcG1lbnQgcmVzZWFyY2ggZ3JvdXAtMjAwNC11c2VyJ3MgZ3VpZGUgdG8gdGhlIGthZ2VyYS5wZGbSFwsYGVdOUy5kYXRhTxEC8gAAAAAC8gACAAAMTWFjaW50b3NoIEhEAAAAAAAAAAAAAAAAAAAA06XI/UgrAAABS+xWH2RldmVsb3BtZW50IHJlc2VhcmMjMTRCRUJCRi5wZGYAAAAAAAAAAAAAAAAAAAAAAAAAAAAAAAAAAAAAAAAAAAFL67/V5nWyAAAAAAAAAAAABAAGAAAJIAAAAAAAAAAAAAAAAAAAABpkZXZlbG9wbWVudCByZXNlYXJjaCBncm91cAAQAAgAANOmK20AAAARAAgAANXm2CIAAAABABwBS+xWAAmVuQAJlbYACZM2AAmLpAAJi58ABjDiAAIAnU1hY2ludG9zaCBIRDpVc2VyczoAY2xhdXM6AExpYnJhcnk6AE1vYmlsZSBEb2N1bWVudHM6ADNMNjhLUUI0SEd+Y29tfnJlYWRkbGV+Q28jOTk1QjY6AERvY3VtZW50czoAZGV2ZWxvcG1lbnQgcmVzZWFyY2ggZ3JvdXA6AGRldmVsb3BtZW50IHJlc2VhcmMjMTRCRUJCRi5wZGYAAA4AfgA+AGQAZQB2AGUAbABvAHAAbQBlAG4AdAAgAHIAZQBzAGUAYQByAGMAaAAgAGcAcgBvAHUAcAAtADIAMAAwADQALQB1AHMAZQByACcAcwAgAGcAdQBpAGQAZQAgAHQAbwAgAHQAaABlACAAawBhAGcAZQByAGEALgBwAGQAZgAPABoADABNAGEAYwBpAG4AdABvAHMAaAAgAEgARAASAK9Vc2Vycy9jbGF1cy9MaWJyYXJ5L01vYmlsZSBEb2N1bWVudHMvM0w2OEtRQjRIR35jb21+cmVhZGRsZX5Db21tb25Eb2N1bWVudHMvRG9jdW1lbnRzL2RldmVsb3BtZW50IHJlc2VhcmNoIGdyb3VwL2RldmVsb3BtZW50IHJlc2VhcmNoIGdyb3VwLTIwMDQtdXNlcidzIGd1aWRlIHRvIHRoZSBrYWdlcmEucGRmAAATAAEvAAAVAAIADP//AACABtIbHB0eWiRjbGFzc25hbWVYJGNsYXNzZXNdTlNNdXRhYmxlRGF0YaMdHyBWTlNEYXRhWE5TT2JqZWN00hscIiNcTlNEaWN0aW9uYXJ5oiIgXxAPTlNLZXllZEFyY2hpdmVy0SYnVHJvb3SAAQAIABEAGgAjAC0AMgA3AEAARgBNAFUAYABnAGoAbABuAHEAcwB1AHcAhACOAUABRQFNBEMERQRKBFUEXgRsBHAEdwSABIUEkgSVBKcEqgSvAAAAAAAAAgEAAAAAAAAAKAAAAAAAAAAAAAAAAAAABLE=}}

@techreport{Tanzania2007,
	Author = {{United Republic of Tanzania},},
	Date-Added = {2017-10-02 22:30:45 +0000},
	Date-Modified = {2017-10-03 21:29:51 +0000},
	Institution = {Vice President's Office, Division of Environment},
	Keywords = {Tanzania},
	Month = {January},
	Title = {National Adaptation Programme of Action (NAPA)},
	Url = {http://unfccc.int/resource/docs/napa/tza01.pdf},
	Year = {2007},
	Bdsk-File-1 = {YnBsaXN0MDDUAQIDBAUGJCVYJHZlcnNpb25YJG9iamVjdHNZJGFyY2hpdmVyVCR0b3ASAAGGoKgHCBMUFRYaIVUkbnVsbNMJCgsMDxJXTlMua2V5c1pOUy5vYmplY3RzViRjbGFzc6INDoACgAOiEBGABIAFgAdccmVsYXRpdmVQYXRoWWFsaWFzRGF0YV8Qji4uLy4uLy4uLy4uL0xpYnJhcnkvTW9iaWxlIERvY3VtZW50cy8zTDY4S1FCNEhHfmNvbX5yZWFkZGxlfkNvbW1vbkRvY3VtZW50cy9Eb2N1bWVudHMvdGFuemFuaWEvdGFuemFuaWEtMjAwNy1uYXRpb25hbCBhZGFwdGF0aW9uIHByb2dyYW1tZS5wZGbSFwsYGVdOUy5kYXRhTxECjgAAAAACjgACAAAMTWFjaW50b3NoIEhEAAAAAAAAAAAAAAAAAAAA06XI/UgrAAABSrw0H3RhbnphbmlhLTIwMDctbmF0aW8jMTQzOEMwQS5wZGYAAAAAAAAAAAAAAAAAAAAAAAAAAAAAAAAAAAAAAAAAAAFDjArV6B3qAAAAAAAAAAAABAAGAAAJIAAAAAAAAAAAAAAAAAAAAAh0YW56YW5pYQAQAAgAANOmK20AAAARAAgAANXogFoAAAABABwBSrw0AAmVuQAJlbYACZM2AAmLpAAJi58ABjDiAAIAi01hY2ludG9zaCBIRDpVc2VyczoAY2xhdXM6AExpYnJhcnk6AE1vYmlsZSBEb2N1bWVudHM6ADNMNjhLUUI0SEd+Y29tfnJlYWRkbGV+Q28jOTk1QjY6AERvY3VtZW50czoAdGFuemFuaWE6AHRhbnphbmlhLTIwMDctbmF0aW8jMTQzOEMwQS5wZGYAAA4AYAAvAHQAYQBuAHoAYQBuAGkAYQAtADIAMAAwADcALQBuAGEAdABpAG8AbgBhAGwAIABhAGQAYQBwAHQAYQB0AGkAbwBuACAAcAByAG8AZwByAGEAbQBtAGUALgBwAGQAZgAPABoADABNAGEAYwBpAG4AdABvAHMAaAAgAEgARAASAI5Vc2Vycy9jbGF1cy9MaWJyYXJ5L01vYmlsZSBEb2N1bWVudHMvM0w2OEtRQjRIR35jb21+cmVhZGRsZX5Db21tb25Eb2N1bWVudHMvRG9jdW1lbnRzL3RhbnphbmlhL3RhbnphbmlhLTIwMDctbmF0aW9uYWwgYWRhcHRhdGlvbiBwcm9ncmFtbWUucGRmABMAAS8AABUAAgAM//8AAIAG0hscHR5aJGNsYXNzbmFtZVgkY2xhc3Nlc11OU011dGFibGVEYXRhox0fIFZOU0RhdGFYTlNPYmplY3TSGxwiI1xOU0RpY3Rpb25hcnmiIiBfEA9OU0tleWVkQXJjaGl2ZXLRJidUcm9vdIABAAgAEQAaACMALQAyADcAQABGAE0AVQBgAGcAagBsAG4AcQBzAHUAdwCEAI4BHwEkASwDvgPAA8UD0APZA+cD6wPyA/sEAAQNBBAEIgQlBCoAAAAAAAACAQAAAAAAAAAoAAAAAAAAAAAAAAAAAAAELA==}}

@article{Cinnirella2017,
	Abstract = {We use duration models on a well-known historical data set of more than 15,000 families and 60,000 births in England for the period 1540--1850 to show that the sampled families adjusted the timing of their births in accordance with the economic conditions as well as their stock of dependent children. The effects were larger among the lower socioeconomic ranks. Our findings on the existence of parity-dependent as well as parity-independent birth spacing in England are consistent with the growing evidence that marital birth control was present in pre-transitional populations.},
	Author = {Cinnirella, Francesco and Klemp, Marc and Weisdorf, Jacob},
	Date-Added = {2017-09-15 15:52:59 +0000},
	Date-Modified = {2017-09-15 15:52:59 +0000},
	Day = {01},
	Doi = {10.1007/s13524-017-0556-4},
	Issn = {1533-7790},
	Journal = {Demography},
	Keywords = {Tanzania},
	Month = {Apr},
	Number = {2},
	Pages = {413--436},
	Title = {Malthus in the Bedroom: Birth Spacing as Birth Control in Pre-Transition England},
	Url = {https://doi.org/10.1007/s13524-017-0556-4},
	Volume = {54},
	Year = {2017},
	Bdsk-File-1 = {YnBsaXN0MDDUAQIDBAUGJCVYJHZlcnNpb25YJG9iamVjdHNZJGFyY2hpdmVyVCR0b3ASAAGGoKgHCBMUFRYaIVUkbnVsbNMJCgsMDxJXTlMua2V5c1pOUy5vYmplY3RzViRjbGFzc6INDoACgAOiEBGABIAFgAdccmVsYXRpdmVQYXRoWWFsaWFzRGF0YV8QkS4uLy4uLy4uLy4uL0xpYnJhcnkvTW9iaWxlIERvY3VtZW50cy8zTDY4S1FCNEhHfmNvbX5yZWFkZGxlfkNvbW1vbkRvY3VtZW50cy9Eb2N1bWVudHMvY2lubmlyZWxsYS9jaW5uaXJlbGxhLTIwMTctbWFsdGh1cyBpbiB0aGUgYmVkcm9vbSBiaXJ0aC5wZGbSFwsYGVdOUy5kYXRhTxECmAAAAAACmAACAAAMTWFjaW50b3NoIEhEAAAAAAAAAAAAAAAAAAAA06XI/UgrAAABPI3/H2Npbm5pcmVsbGEtMjAxNy1tYWwjMTNDOERCRS5wZGYAAAAAAAAAAAAAAAAAAAAAAAAAAAAAAAAAAAAAAAAAAAE8jb7V4UUmAAAAAAAAAAAABAAGAAAJIAAAAAAAAAAAAAAAAAAAAApjaW5uaXJlbGxhABAACAAA06YrbQAAABEACAAA1eGnlgAAAAEAHAE8jf8ACZW5AAmVtgAJkzYACYukAAmLnwAGMOIAAgCNTWFjaW50b3NoIEhEOlVzZXJzOgBjbGF1czoATGlicmFyeToATW9iaWxlIERvY3VtZW50czoAM0w2OEtRQjRIR35jb21+cmVhZGRsZX5DbyM5OTVCNjoARG9jdW1lbnRzOgBjaW5uaXJlbGxhOgBjaW5uaXJlbGxhLTIwMTctbWFsIzEzQzhEQkUucGRmAAAOAGIAMABjAGkAbgBuAGkAcgBlAGwAbABhAC0AMgAwADEANwAtAG0AYQBsAHQAaAB1AHMAIABpAG4AIAB0AGgAZQAgAGIAZQBkAHIAbwBvAG0AIABiAGkAcgB0AGgALgBwAGQAZgAPABoADABNAGEAYwBpAG4AdABvAHMAaAAgAEgARAASAJFVc2Vycy9jbGF1cy9MaWJyYXJ5L01vYmlsZSBEb2N1bWVudHMvM0w2OEtRQjRIR35jb21+cmVhZGRsZX5Db21tb25Eb2N1bWVudHMvRG9jdW1lbnRzL2Npbm5pcmVsbGEvY2lubmlyZWxsYS0yMDE3LW1hbHRodXMgaW4gdGhlIGJlZHJvb20gYmlydGgucGRmAAATAAEvAAAVAAIADP//AACABtIbHB0eWiRjbGFzc25hbWVYJGNsYXNzZXNdTlNNdXRhYmxlRGF0YaMdHyBWTlNEYXRhWE5TT2JqZWN00hscIiNcTlNEaWN0aW9uYXJ5oiIgXxAPTlNLZXllZEFyY2hpdmVy0SYnVHJvb3SAAQAIABEAGgAjAC0AMgA3AEAARgBNAFUAYABnAGoAbABuAHEAcwB1AHcAhACOASIBJwEvA8sDzQPSA90D5gP0A/gD/wQIBA0EGgQdBC8EMgQ3AAAAAAAAAgEAAAAAAAAAKAAAAAAAAAAAAAAAAAAABDk=},
	Bdsk-Url-1 = {https://doi.org/10.1007/s13524-017-0556-4},
	Bdsk-Url-2 = {http://dx.doi.org/10.1007/s13524-017-0556-4}}

@article{Guinnane2011,
	Author = {Guinnane, Timothy W.},
	Date-Added = {2017-09-15 00:40:14 +0000},
	Date-Modified = {2017-09-15 00:40:14 +0000},
	Doi = {10.1257/jel.49.3.589},
	Journal = {Journal of Economic Literature},
	Keywords = {Tanzania},
	Month = {September},
	Number = {3},
	Pages = {589-614},
	Title = {The Historical Fertility Transition: A Guide for Economists},
	Url = {http://www.aeaweb.org/articles?id=10.1257/jel.49.3.589},
	Volume = {49},
	Year = {2011},
	Bdsk-File-1 = {YnBsaXN0MDDUAQIDBAUGJCVYJHZlcnNpb25YJG9iamVjdHNZJGFyY2hpdmVyVCR0b3ASAAGGoKgHCBMUFRYaIVUkbnVsbNMJCgsMDxJXTlMua2V5c1pOUy5vYmplY3RzViRjbGFzc6INDoACgAOiEBGABIAFgAdccmVsYXRpdmVQYXRoWWFsaWFzRGF0YV8QlC4uLy4uLy4uLy4uL0xpYnJhcnkvTW9iaWxlIERvY3VtZW50cy8zTDY4S1FCNEhHfmNvbX5yZWFkZGxlfkNvbW1vbkRvY3VtZW50cy9Eb2N1bWVudHMvZ3Vpbm5hbmUvZ3Vpbm5hbmUtMjAxMS10aGUgaGlzdG9yaWNhbCBmZXJ0aWxpdHkgdHJhbnNpdGlvbi5wZGbSFwsYGVdOUy5kYXRhTxECoAAAAAACoAACAAAMTWFjaW50b3NoIEhEAAAAAAAAAAAAAAAAAAAA06XI/UgrAAABPD8mH2d1aW5uYW5lLTIwMTEtdGhlIGgjMTNDM0VBQy5wZGYAAAAAAAAAAAAAAAAAAAAAAAAAAAAAAAAAAAAAAAAAAAE8PqzV4G7DAAAAAAAAAAAABAAGAAAJIAAAAAAAAAAAAAAAAAAAAAhndWlubmFuZQAQAAgAANOmK20AAAARAAgAANXg0TMAAAABABwBPD8mAAmVuQAJlbYACZM2AAmLpAAJi58ABjDiAAIAi01hY2ludG9zaCBIRDpVc2VyczoAY2xhdXM6AExpYnJhcnk6AE1vYmlsZSBEb2N1bWVudHM6ADNMNjhLUUI0SEd+Y29tfnJlYWRkbGV+Q28jOTk1QjY6AERvY3VtZW50czoAZ3Vpbm5hbmU6AGd1aW5uYW5lLTIwMTEtdGhlIGgjMTNDM0VBQy5wZGYAAA4AbAA1AGcAdQBpAG4AbgBhAG4AZQAtADIAMAAxADEALQB0AGgAZQAgAGgAaQBzAHQAbwByAGkAYwBhAGwAIABmAGUAcgB0AGkAbABpAHQAeQAgAHQAcgBhAG4AcwBpAHQAaQBvAG4ALgBwAGQAZgAPABoADABNAGEAYwBpAG4AdABvAHMAaAAgAEgARAASAJRVc2Vycy9jbGF1cy9MaWJyYXJ5L01vYmlsZSBEb2N1bWVudHMvM0w2OEtRQjRIR35jb21+cmVhZGRsZX5Db21tb25Eb2N1bWVudHMvRG9jdW1lbnRzL2d1aW5uYW5lL2d1aW5uYW5lLTIwMTEtdGhlIGhpc3RvcmljYWwgZmVydGlsaXR5IHRyYW5zaXRpb24ucGRmABMAAS8AABUAAgAM//8AAIAG0hscHR5aJGNsYXNzbmFtZVgkY2xhc3Nlc11OU011dGFibGVEYXRhox0fIFZOU0RhdGFYTlNPYmplY3TSGxwiI1xOU0RpY3Rpb25hcnmiIiBfEA9OU0tleWVkQXJjaGl2ZXLRJidUcm9vdIABAAgAEQAaACMALQAyADcAQABGAE0AVQBgAGcAagBsAG4AcQBzAHUAdwCEAI4BJQEqATID1gPYA90D6APxA/8EAwQKBBMEGAQlBCgEOgQ9BEIAAAAAAAACAQAAAAAAAAAoAAAAAAAAAAAAAAAAAAAERA==},
	Bdsk-Url-1 = {http://www.aeaweb.org/articles?id=10.1257/jel.49.3.589},
	Bdsk-Url-2 = {http://dx.doi.org/10.1257/jel.49.3.589}}

@techreport{Portner2014a,
	Address = {Seattle, WA},
	Author = {P{\"o}rtner, Claus C and Beegle, Kathleen and Christiaensen, Luc},
	Date-Added = {2017-07-11 20:30:49 +0000},
	Date-Modified = {2017-07-11 20:30:49 +0000},
	Institution = {Seattle University},
	Keywords = {Tanzania, Oxford chapter},
	Month = {April},
	Title = {Does Family Planning Reduce Fertility? Evidence from Rural Ethiopia},
	Type = {Working Paper},
	Year = {2014}}

@article{Burlando2014,
	Abstract = {Determining whether power outages have significant fertility effects is an important policy question in developing countries, where blackouts are common and modern forms of family planning are scarce. Using birth records from Zanzibar, this study shows that a month-long blackout in 2008 caused a significant increase in the number of births 8 to 10 months later. The increase was similar across villages that had electricity, regardless of the level of electrification; villages with no electricity connections saw no changes in birth numbers. The large fertility increase in communities with very low levels of electricity suggests that the outage affected the fertility of households not connected to the grid through some spillover effect. Whether the baby boom is likely to translate to a permanent increase in the population remains unclear, but this article highlights an important hidden consequence of power instability in developing countries. It also suggests that electricity imposes significant externality effects on rural populations that have little exposure to it.},
	Author = {Burlando, Alfredo},
	Date-Added = {2017-07-11 20:30:49 +0000},
	Date-Modified = {2017-07-11 20:30:49 +0000},
	Doi = {10.1007/s13524-014-0316-7},
	Issn = {1533-7790},
	Journal = {Demography},
	Keywords = {Tanzania},
	Number = {4},
	Pages = {1477--1500},
	Title = {Power Outages, Power Externalities, and Baby Booms},
	Url = {http://dx.doi.org/10.1007/s13524-014-0316-7},
	Volume = {51},
	Year = {2014},
	Bdsk-File-1 = {YnBsaXN0MDDUAQIDBAUGJCVYJHZlcnNpb25YJG9iamVjdHNZJGFyY2hpdmVyVCR0b3ASAAGGoKgHCBMUFRYaIVUkbnVsbNMJCgsMDxJXTlMua2V5c1pOUy5vYmplY3RzViRjbGFzc6INDoACgAOiEBGABIAFgAdccmVsYXRpdmVQYXRoWWFsaWFzRGF0YV8QhS4uLy4uLy4uLy4uL0xpYnJhcnkvTW9iaWxlIERvY3VtZW50cy8zTDY4S1FCNEhHfmNvbX5yZWFkZGxlfkNvbW1vbkRvY3VtZW50cy9Eb2N1bWVudHMvYnVybGFuZG8vYnVybGFuZG8tMjAxNC1wb3dlciBvdXRhZ2VzLCBwb3dlci5wZGbSFwsYGVdOUy5kYXRhTxECdAAAAAACdAACAAAMTWFjaW50b3NoIEhEAAAAAAAAAAAAAAAAAAAA06XI/UgrAAAACgCzH2J1cmxhbmRvLTIwMTQtcG93ZXIgbyNBMTg4Ni5wZGYAAAAAAAAAAAAAAAAAAAAAAAAAAAAAAAAAAAAAAAAAAAAKGIbTMtMHAAAAAAAAAAAABAAGAAAJIAAAAAAAAAAAAAAAAAAAAAhidXJsYW5kbwAQAAgAANOmK20AAAARAAgAANMzNXcAAAABABwACgCzAAmVuQAJlbYACZM2AAmLpAAJi58ABjDiAAIAi01hY2ludG9zaCBIRDpVc2VyczoAY2xhdXM6AExpYnJhcnk6AE1vYmlsZSBEb2N1bWVudHM6ADNMNjhLUUI0SEd+Y29tfnJlYWRkbGV+Q28jOTk1QjY6AERvY3VtZW50czoAYnVybGFuZG86AGJ1cmxhbmRvLTIwMTQtcG93ZXIgbyNBMTg4Ni5wZGYAAA4ATgAmAGIAdQByAGwAYQBuAGQAbwAtADIAMAAxADQALQBwAG8AdwBlAHIAIABvAHUAdABhAGcAZQBzACwAIABwAG8AdwBlAHIALgBwAGQAZgAPABoADABNAGEAYwBpAG4AdABvAHMAaAAgAEgARAASAIVVc2Vycy9jbGF1cy9MaWJyYXJ5L01vYmlsZSBEb2N1bWVudHMvM0w2OEtRQjRIR35jb21+cmVhZGRsZX5Db21tb25Eb2N1bWVudHMvRG9jdW1lbnRzL2J1cmxhbmRvL2J1cmxhbmRvLTIwMTQtcG93ZXIgb3V0YWdlcywgcG93ZXIucGRmAAATAAEvAAAVAAIADP//AACABtIbHB0eWiRjbGFzc25hbWVYJGNsYXNzZXNdTlNNdXRhYmxlRGF0YaMdHyBWTlNEYXRhWE5TT2JqZWN00hscIiNcTlNEaWN0aW9uYXJ5oiIgXxAPTlNLZXllZEFyY2hpdmVy0SYnVHJvb3SAAQAIABEAGgAjAC0AMgA3AEAARgBNAFUAYABnAGoAbABuAHEAcwB1AHcAhACOARYBGwEjA5sDnQOiA60DtgPEA8gDzwPYA90D6gPtA/8EAgQHAAAAAAAAAgEAAAAAAAAAKAAAAAAAAAAAAAAAAAAABAk=},
	Bdsk-Url-1 = {http://dx.doi.org/10.1007/s13524-014-0316-7}}

@article{Hernandez-Julian2014,
	Abstract = {This article uses the Bangladesh famine of 1974 as a natural experiment to estimate the impact of intrauterine malnutrition on sex of the child and infant mortality. In addition, we estimate the impact of malnutrition on post-famine pregnancy outcomes. Using the 1996 Matlab Health and Socioeconomic Survey (MHSS), we find that women who were pregnant during the famine were less likely to have male children. Moreover, children who were in utero during the most severe period of the Bangladesh famine were 32 \% more likely to die within one month of birth compared with their siblings who were not in utero during the famine. Finally, we estimate the impacts of the famine on subsequent pregnancy outcomes. Controlling for pre-famine fertility, we find that women who were pregnant during the famine experienced a higher number of stillbirths in the post-famine years. This increase appears to be driven by an excess number of male stillbirths.},
	Author = {Hern{\'a}ndez-Juli{\'a}n, Rey and Mansour, Hani and Peters, Christina},
	Date-Added = {2017-07-11 20:30:49 +0000},
	Date-Modified = {2017-07-11 20:30:49 +0000},
	Journal = {Demography},
	Keywords = {Tanzania},
	Number = {5},
	Pages = {1775--1796},
	Title = {The Effects of Intrauterine Malnutrition on Birth and Fertility Outcomes: Evidence From the 1974 Bangladesh Famine},
	Volume = {51},
	Year = {2014},
	Bdsk-File-1 = {YnBsaXN0MDDUAQIDBAUGJCVYJHZlcnNpb25YJG9iamVjdHNZJGFyY2hpdmVyVCR0b3ASAAGGoKgHCBMUFRYaIVUkbnVsbNMJCgsMDxJXTlMua2V5c1pOUy5vYmplY3RzViRjbGFzc6INDoACgAOiEBGABIAFgAdccmVsYXRpdmVQYXRoWWFsaWFzRGF0YW8QrQAuAC4ALwAuAC4ALwAuAC4ALwAuAC4ALwBMAGkAYgByAGEAcgB5AC8ATQBvAGIAaQBsAGUAIABEAG8AYwB1AG0AZQBuAHQAcwAvADMATAA2ADgASwBRAEIANABIAEcAfgBjAG8AbQB+AHIAZQBhAGQAZABsAGUAfgBDAG8AbQBtAG8AbgBEAG8AYwB1AG0AZQBuAHQAcwAvAEQAbwBjAHUAbQBlAG4AdABzAC8AaABlAHIAbgBhAwEAbgBkAGUAegAtAGoAdQBsAGkAYQMBAG4ALwBoAGUAcgBuAGEDAQBuAGQAZQB6AC0AagB1AGwAaQBhAwEAbgAtADIAMAAxADQALQB0AGgAZQAgAGUAZgBmAGUAYwB0AHMAIABvAGYAIABpAG4AdAByAGEAdQB0AGUAcgBpAG4AZQAgAG0AYQBsAG4AdQB0AHIAaQB0AGkAbwBuAC4AcABkAGbSFwsYGVdOUy5kYXRhTxEC7AAAAAAC7AACAAAMTWFjaW50b3NoIEhEAAAAAAAAAAAAAAAAAAAA06XI/UgrAAAACgF9H2hlcm6HbmRlei1qdWxph24tMjAxNCNBMTg2Ni5wZGYAAAAAAAAAAAAAAAAAAAAAAAAAAAAAAAAAAAAAAAAAAAAKGGbTMtALAAAAAAAAAAAABAAGAAAJIAAAAAAAAAAAAAAAAAAAABBoZXJuh25kZXotanVsaYduABAACAAA06YrbQAAABEACAAA0zMyewAAAAEAHAAKAX0ACZW5AAmVtgAJkzYACYukAAmLnwAGMOIAAgCTTWFjaW50b3NoIEhEOlVzZXJzOgBjbGF1czoATGlicmFyeToATW9iaWxlIERvY3VtZW50czoAM0w2OEtRQjRIR35jb21+cmVhZGRsZX5DbyM5OTVCNjoARG9jdW1lbnRzOgBoZXJuh25kZXotanVsaYduOgBoZXJuh25kZXotanVsaYduLTIwMTQjQTE4NjYucGRmAAAOAIoARABoAGUAcgBuAGEDAQBuAGQAZQB6AC0AagB1AGwAaQBhAwEAbgAtADIAMAAxADQALQB0AGgAZQAgAGUAZgBmAGUAYwB0AHMAIABvAGYAIABpAG4AdAByAGEAdQB0AGUAcgBpAG4AZQAgAG0AYQBsAG4AdQB0AHIAaQB0AGkAbwBuAC4AcABkAGYADwAaAAwATQBhAGMAaQBuAHQAbwBzAGgAIABIAEQAEgCxVXNlcnMvY2xhdXMvTGlicmFyeS9Nb2JpbGUgRG9jdW1lbnRzLzNMNjhLUUI0SEd+Y29tfnJlYWRkbGV+Q29tbW9uRG9jdW1lbnRzL0RvY3VtZW50cy9oZXJuYcyBbmRlei1qdWxpYcyBbi9oZXJuYcyBbmRlei1qdWxpYcyBbi0yMDE0LXRoZSBlZmZlY3RzIG9mIGludHJhdXRlcmluZSBtYWxudXRyaXRpb24ucGRmAAATAAEvAAAVAAIADP//AACABtIbHB0eWiRjbGFzc25hbWVYJGNsYXNzZXNdTlNNdXRhYmxlRGF0YaMdHyBWTlNEYXRhWE5TT2JqZWN00hscIiNcTlNEaWN0aW9uYXJ5oiIgXxAPTlNLZXllZEFyY2hpdmVy0SYnVHJvb3SAAQAIABEAGgAjAC0AMgA3AEAARgBNAFUAYABnAGoAbABuAHEAcwB1AHcAhACOAesB8AH4BOgE6gTvBPoFAwURBRUFHAUlBSoFNwU6BUwFTwVUAAAAAAAAAgEAAAAAAAAAKAAAAAAAAAAAAAAAAAAABVY=}}

@techreport{Barreca2015,
	Abstract = {Dynamic adjustments could be a useful strategy for mitigating the costs of acute environmental shocks when timing is not a strictly binding constraint. To investigate whether such adjustments could apply to fertility, we estimate the effects of temperature shocks on birth rates in the United States between 1931 and 2010. Our innovative approach allows for presumably random variation in the distribution of daily temperatures to affect birth rates up to 24 months into the future. We find that additional days above 80 $\,^{\circ}$F cause a large decline in birth rates approximately 8 to 10 months later. The initial decline is followed by a partial rebound in births over the next few months implying that populations can mitigate the fertility cost of temperature shocks by shifting conception month. This dynamic adjustment helps explain the observed decline in birth rates during the spring and subsequent increase during the summer. The lack of a full rebound suggests that increased temperatures due to climate change may reduce population growth rates in the coming century. As an added cost, climate change will shift even more births to the summer months when third trimester exposure to dangerously high temperatures increases. Based on our analysis of historical changes in the temperature-fertility relationship, we conclude air conditioning could be used to substantially offset the fertility costs of climate change.},
	Author = {Alan Barreca and Olivier Deschenes and Melanie Guldi},
	Date-Added = {2017-07-11 20:30:49 +0000},
	Date-Modified = {2017-07-11 20:30:49 +0000},
	Doi = {10.3386/w21681},
	Institution = {National Bureau of Economic Research},
	Keywords = {Tanzania},
	Month = {October},
	Number = {21681},
	Series = {Working Paper Series},
	Title = {Maybe Next Month? Temperature Shocks, Climate Change, and Dynamic Adjustments in Birth Rates},
	Type = {Working Paper},
	Url = {http://www.nber.org/papers/w21681},
	Year = {2015},
	Bdsk-File-1 = {YnBsaXN0MDDUAQIDBAUGJCVYJHZlcnNpb25YJG9iamVjdHNZJGFyY2hpdmVyVCR0b3ASAAGGoKgHCBMUFRYaIVUkbnVsbNMJCgsMDxJXTlMua2V5c1pOUy5vYmplY3RzViRjbGFzc6INDoACgAOiEBGABIAFgAdccmVsYXRpdmVQYXRoWWFsaWFzRGF0YV8QgC4uLy4uLy4uLy4uL0xpYnJhcnkvTW9iaWxlIERvY3VtZW50cy8zTDY4S1FCNEhHfmNvbX5yZWFkZGxlfkNvbW1vbkRvY3VtZW50cy9Eb2N1bWVudHMvYmFycmVjYS9iYXJyZWNhLTIwMTUtbWF5YmUgbmV4dCBtb250aD8ucGRm0hcLGBlXTlMuZGF0YU8RAmQAAAAAAmQAAgAADE1hY2ludG9zaCBIRAAAAAAAAAAAAAAAAAAAANOlyP1IKwAAAAoAix9iYXJyZWNhLTIwMTUtbWF5YmUgbmUjQTFFMEMucGRmAAAAAAAAAAAAAAAAAAAAAAAAAAAAAAAAAAAAAAAAAAAACh4M0zK6/wAAAAAAAAAAAAQABgAACSAAAAAAAAAAAAAAAAAAAAAHYmFycmVjYQAAEAAIAADTpittAAAAEQAIAADTMx1vAAAAAQAcAAoAiwAJlbkACZW2AAmTNgAJi6QACYufAAYw4gACAIpNYWNpbnRvc2ggSEQ6VXNlcnM6AGNsYXVzOgBMaWJyYXJ5OgBNb2JpbGUgRG9jdW1lbnRzOgAzTDY4S1FCNEhHfmNvbX5yZWFkZGxlfkNvIzk5NUI2OgBEb2N1bWVudHM6AGJhcnJlY2E6AGJhcnJlY2EtMjAxNS1tYXliZSBuZSNBMUUwQy5wZGYADgBGACIAYgBhAHIAcgBlAGMAYQAtADIAMAAxADUALQBtAGEAeQBiAGUAIABuAGUAeAB0ACAAbQBvAG4AdABoAD8ALgBwAGQAZgAPABoADABNAGEAYwBpAG4AdABvAHMAaAAgAEgARAASAIBVc2Vycy9jbGF1cy9MaWJyYXJ5L01vYmlsZSBEb2N1bWVudHMvM0w2OEtRQjRIR35jb21+cmVhZGRsZX5Db21tb25Eb2N1bWVudHMvRG9jdW1lbnRzL2JhcnJlY2EvYmFycmVjYS0yMDE1LW1heWJlIG5leHQgbW9udGg/LnBkZgATAAEvAAAVAAIADP//AACABtIbHB0eWiRjbGFzc25hbWVYJGNsYXNzZXNdTlNNdXRhYmxlRGF0YaMdHyBWTlNEYXRhWE5TT2JqZWN00hscIiNcTlNEaWN0aW9uYXJ5oiIgXxAPTlNLZXllZEFyY2hpdmVy0SYnVHJvb3SAAQAIABEAGgAjAC0AMgA3AEAARgBNAFUAYABnAGoAbABuAHEAcwB1AHcAhACOAREBFgEeA4YDiAONA5gDoQOvA7MDugPDA8gD1QPYA+oD7QPyAAAAAAAAAgEAAAAAAAAAKAAAAAAAAAAAAAAAAAAAA/Q=},
	Bdsk-Url-1 = {http://www.nber.org/papers/w21681}}

@article{Paternoster1998,
	Abstract = {Criminologists are often interested in examining interactive effects within a regression context. For example, ``holding other relevant factors constant, is the effect of delinquent peers on one's own delinquent conduct the same for males and females?'' or ``is the effect of a given treatment program comparable between first-time and repeat offenders?'' A frequent strategy in examining such interactive effects is to test for the difference between two regression coefficients across independent samples. That is, does b1= b2? Traditionally, criminologists have employed a t or z test for the difference between slopes in making these coefficient comparisons. While there is considerable consensus as to the appropriateness of this strategy, there has been some confusion in the criminological literature as to the correct estimator of the standard error of the difference, the standard deviation of the sampling distribution of coefficient differences, in the t or z formula. Criminologists have employed two different estimators of this standard deviation in their empirical work. In this note, we point out that one of these estimators is correct while the other is incorrect. The incorrect estimator biases one's hypothesis test in favor of rejecting the null hypothesis that b1= b2. Unfortunately, the use of this incorrect estimator of the standard error of the difference has been fairly widespread in criminology. We provide the formula for the correct statistical test and illustrate with two examples from the literature how the biased estimator can lead to incorrect conclusions.},
	Author = {Paternoster, Raymond and Brame, Robert and Mazerolle, Paul and Piquero, Alex},
	Date-Added = {2017-07-11 20:30:49 +0000},
	Date-Modified = {2017-07-11 20:30:49 +0000},
	Doi = {10.1111/j.1745-9125.1998.tb01268.x},
	Issn = {1745-9125},
	Journal = {Criminology},
	Keywords = {Tanzania},
	Number = {4},
	Pages = {859--866},
	Publisher = {Blackwell Publishing Ltd},
	Title = {Using the Correct Statistical Test for the Equality of Regression Coefficients},
	Url = {http://dx.doi.org/10.1111/j.1745-9125.1998.tb01268.x},
	Volume = {36},
	Year = {1998},
	Bdsk-File-1 = {YnBsaXN0MDDUAQIDBAUGJCVYJHZlcnNpb25YJG9iamVjdHNZJGFyY2hpdmVyVCR0b3ASAAGGoKgHCBMUFRYaIVUkbnVsbNMJCgsMDxJXTlMua2V5c1pOUy5vYmplY3RzViRjbGFzc6INDoACgAOiEBGABIAFgAdccmVsYXRpdmVQYXRoWWFsaWFzRGF0YV8QlC4uLy4uLy4uLy4uL0xpYnJhcnkvTW9iaWxlIERvY3VtZW50cy8zTDY4S1FCNEhHfmNvbX5yZWFkZGxlfkNvbW1vbkRvY3VtZW50cy9Eb2N1bWVudHMvcGF0ZXJub3N0ZXIvcGF0ZXJub3N0ZXItMTk5OC11c2luZyB0aGUgY29ycmVjdCBzdGF0aXN0aWNhbC5wZGbSFwsYGVdOUy5kYXRhTxECoAAAAAACoAACAAAMTWFjaW50b3NoIEhEAAAAAAAAAAAAAAAAAAAA06XI/UgrAAAACgEzH3BhdGVybm9zdGVyLTE5OTgtdXNpbiNBMURFMC5wZGYAAAAAAAAAAAAAAAAAAAAAAAAAAAAAAAAAAAAAAAAAAAAKHeDTLD0IAAAAAAAAAAAABAAGAAAJIAAAAAAAAAAAAAAAAAAAAAtwYXRlcm5vc3RlcgAAEAAIAADTpittAAAAEQAIAADTLJ94AAAAAQAcAAoBMwAJlbkACZW2AAmTNgAJi6QACYufAAYw4gACAI5NYWNpbnRvc2ggSEQ6VXNlcnM6AGNsYXVzOgBMaWJyYXJ5OgBNb2JpbGUgRG9jdW1lbnRzOgAzTDY4S1FCNEhHfmNvbX5yZWFkZGxlfkNvIzk5NUI2OgBEb2N1bWVudHM6AHBhdGVybm9zdGVyOgBwYXRlcm5vc3Rlci0xOTk4LXVzaW4jQTFERTAucGRmAA4AZgAyAHAAYQB0AGUAcgBuAG8AcwB0AGUAcgAtADEAOQA5ADgALQB1AHMAaQBuAGcAIAB0AGgAZQAgAGMAbwByAHIAZQBjAHQAIABzAHQAYQB0AGkAcwB0AGkAYwBhAGwALgBwAGQAZgAPABoADABNAGEAYwBpAG4AdABvAHMAaAAgAEgARAASAJRVc2Vycy9jbGF1cy9MaWJyYXJ5L01vYmlsZSBEb2N1bWVudHMvM0w2OEtRQjRIR35jb21+cmVhZGRsZX5Db21tb25Eb2N1bWVudHMvRG9jdW1lbnRzL3BhdGVybm9zdGVyL3BhdGVybm9zdGVyLTE5OTgtdXNpbmcgdGhlIGNvcnJlY3Qgc3RhdGlzdGljYWwucGRmABMAAS8AABUAAgAM//8AAIAG0hscHR5aJGNsYXNzbmFtZVgkY2xhc3Nlc11OU011dGFibGVEYXRhox0fIFZOU0RhdGFYTlNPYmplY3TSGxwiI1xOU0RpY3Rpb25hcnmiIiBfEA9OU0tleWVkQXJjaGl2ZXLRJidUcm9vdIABAAgAEQAaACMALQAyADcAQABGAE0AVQBgAGcAagBsAG4AcQBzAHUAdwCEAI4BJQEqATID1gPYA90D6APxA/8EAwQKBBMEGAQlBCgEOgQ9BEIAAAAAAAACAQAAAAAAAAAoAAAAAAAAAAAAAAAAAAAERA==},
	Bdsk-Url-1 = {http://dx.doi.org/10.1111/j.1745-9125.1998.tb01268.x}}

@techreport{Hernandez-Correa2010,
	Author = {Hern{\'a}ndez-Correa, Julio C{\'e}sar},
	Date-Added = {2017-07-11 20:30:49 +0000},
	Date-Modified = {2017-07-11 20:30:49 +0000},
	Institution = {Western Michigan University},
	Keywords = {Tanzania},
	Title = {The Effects of Shocks on Contraceptive Use},
	Type = {Working Paper},
	Year = {2010},
	Bdsk-File-1 = {YnBsaXN0MDDUAQIDBAUGJCVYJHZlcnNpb25YJG9iamVjdHNZJGFyY2hpdmVyVCR0b3ASAAGGoKgHCBMUFRYaIVUkbnVsbNMJCgsMDxJXTlMua2V5c1pOUy5vYmplY3RzViRjbGFzc6INDoACgAOiEBGABIAFgAdccmVsYXRpdmVQYXRoWWFsaWFzRGF0YW8QqQAuAC4ALwAuAC4ALwAuAC4ALwAuAC4ALwBMAGkAYgByAGEAcgB5AC8ATQBvAGIAaQBsAGUAIABEAG8AYwB1AG0AZQBuAHQAcwAvADMATAA2ADgASwBRAEIANABIAEcAfgBjAG8AbQB+AHIAZQBhAGQAZABsAGUAfgBDAG8AbQBtAG8AbgBEAG8AYwB1AG0AZQBuAHQAcwAvAEQAbwBjAHUAbQBlAG4AdABzAC8AaABlAHIAbgBhAwEAbgBkAGUAegAtAGMAbwByAHIAZQBhAC8AaABlAHIAbgBhAwEAbgBkAGUAegAtAGMAbwByAHIAZQBhAC0AMgAwADEAMAAtAHQAaABlACAAZQBmAGYAZQBjAHQAcwAgAG8AZgAgAHMAaABvAGMAawBzACAAbwBuACAAYwBvAG4AdAByAGEAYwBlAHAAdABpAHYAZQAuAHAAZABm0hcLGBlXTlMuZGF0YU8RAuAAAAAAAuAAAgAADE1hY2ludG9zaCBIRAAAAAAAAAAAAAAAAAAAANOlyP1IKwAAAAn/gB9oZXJuh25kZXotY29ycmVhLTIwMTAjQTE3RUUucGRmAAAAAAAAAAAAAAAAAAAAAAAAAAAAAAAAAAAAAAAAAAAAChfu0iRkVgAAAAAAAAAAAAQABgAACSAAAAAAAAAAAAAAAAAAAAAQaGVyboduZGV6LWNvcnJlYQAQAAgAANOmK20AAAARAAgAANIkxsYAAAABABwACf+AAAmVuQAJlbYACZM2AAmLpAAJi58ABjDiAAIAk01hY2ludG9zaCBIRDpVc2VyczoAY2xhdXM6AExpYnJhcnk6AE1vYmlsZSBEb2N1bWVudHM6ADNMNjhLUUI0SEd+Y29tfnJlYWRkbGV+Q28jOTk1QjY6AERvY3VtZW50czoAaGVyboduZGV6LWNvcnJlYToAaGVyboduZGV6LWNvcnJlYS0yMDEwI0ExN0VFLnBkZgAADgCEAEEAaABlAHIAbgBhAwEAbgBkAGUAegAtAGMAbwByAHIAZQBhAC0AMgAwADEAMAAtAHQAaABlACAAZQBmAGYAZQBjAHQAcwAgAG8AZgAgAHMAaABvAGMAawBzACAAbwBuACAAYwBvAG4AdAByAGEAYwBlAHAAdABpAHYAZQAuAHAAZABmAA8AGgAMAE0AYQBjAGkAbgB0AG8AcwBoACAASABEABIAq1VzZXJzL2NsYXVzL0xpYnJhcnkvTW9iaWxlIERvY3VtZW50cy8zTDY4S1FCNEhHfmNvbX5yZWFkZGxlfkNvbW1vbkRvY3VtZW50cy9Eb2N1bWVudHMvaGVybmHMgW5kZXotY29ycmVhL2hlcm5hzIFuZGV6LWNvcnJlYS0yMDEwLXRoZSBlZmZlY3RzIG9mIHNob2NrcyBvbiBjb250cmFjZXB0aXZlLnBkZgAAEwABLwAAFQACAAz//wAAgAbSGxwdHlokY2xhc3NuYW1lWCRjbGFzc2VzXU5TTXV0YWJsZURhdGGjHR8gVk5TRGF0YVhOU09iamVjdNIbHCIjXE5TRGljdGlvbmFyeaIiIF8QD05TS2V5ZWRBcmNoaXZlctEmJ1Ryb290gAEACAARABoAIwAtADIANwBAAEYATQBVAGAAZwBqAGwAbgBxAHMAdQB3AIQAjgHjAegB8ATUBNYE2wTmBO8E/QUBBQgFEQUWBSMFJgU4BTsFQAAAAAAAAAIBAAAAAAAAACgAAAAAAAAAAAAAAAAAAAVC}}

@article{Steele2001,
	Abstract = {We examine the characteristics of women who chose to join a women's savings or credit group organized by Save the Children USA in a rural area of Bangladesh, and the impact of participation on contraceptive use. The data are taken from a panel survey conducted in 1993, shortly before the groups were formed, and in 1995 after interventions began. Our findings show that although demographic and socioeconomic characteristics have only a weak relationship to the decision to join a program, the treatment that a woman receives from her husband is associated with participation. We also find evidence that the credit program tends to attract women who are already using contraception. The analysis of program impact on the use of modern contraceptives reveals a positive effect of the credit program, after we adjust for this selectivity; we see no evidence of an effect of participation in a savings group.},
	Author = {Steele, Fiona and Amin, Sajeda and Naved, Ruchira T.},
	Copyright = {Copyright {\copyright} 2001 Population Association of America},
	Date-Added = {2017-07-11 20:30:49 +0000},
	Date-Modified = {2017-07-11 20:30:49 +0000},
	Issn = {00703370},
	Journal = {Demography},
	Jstor_Articletype = {research-article},
	Jstor_Formatteddate = {May, 2001},
	Keywords = {Tanzania},
	Language = {English},
	Number = {2},
	Pages = {pp. 267-282},
	Publisher = {Springer on behalf of the Population Association of America},
	Title = {Savings/Credit Group Formation and Change in Contraception},
	Url = {http://www.jstor.org/stable/3088305},
	Volume = {38},
	Year = {2001},
	Bdsk-File-1 = {YnBsaXN0MDDUAQIDBAUGJCVYJHZlcnNpb25YJG9iamVjdHNZJGFyY2hpdmVyVCR0b3ASAAGGoKgHCBMUFRYaIVUkbnVsbNMJCgsMDxJXTlMua2V5c1pOUy5vYmplY3RzViRjbGFzc6INDoACgAOiEBGABIAFgAdccmVsYXRpdmVQYXRoWWFsaWFzRGF0YV8Qiy4uLy4uLy4uLy4uL0xpYnJhcnkvTW9iaWxlIERvY3VtZW50cy8zTDY4S1FCNEhHfmNvbX5yZWFkZGxlfkNvbW1vbkRvY3VtZW50cy9Eb2N1bWVudHMvc3RlZWxlL3N0ZWVsZS0yMDAxLXNhdmluZ3MtY3JlZGl0IGdyb3VwIGZvcm1hdGlvbi5wZGbSFwsYGVdOUy5kYXRhTxEChgAAAAAChgACAAAMTWFjaW50b3NoIEhEAAAAAAAAAAAAAAAAAAAA06XI/UgrAAAACgGEH3N0ZWVsZS0yMDAxLXNhdmluZ3MtIzQ1MTQ5NC5wZGYAAAAAAAAAAAAAAAAAAAAAAAAAAAAAAAAAAAAAAAAAAABFFJTKWLyiAAAAAAAAAAAABAAGAAAJIAAAAAAAAAAAAAAAAAAAAAZzdGVlbGUAEAAIAADTpittAAAAEQAIAADKWR8SAAAAAQAcAAoBhAAJlbkACZW2AAmTNgAJi6QACYufAAYw4gACAIlNYWNpbnRvc2ggSEQ6VXNlcnM6AGNsYXVzOgBMaWJyYXJ5OgBNb2JpbGUgRG9jdW1lbnRzOgAzTDY4S1FCNEhHfmNvbX5yZWFkZGxlfkNvIzk5NUI2OgBEb2N1bWVudHM6AHN0ZWVsZToAc3RlZWxlLTIwMDEtc2F2aW5ncy0jNDUxNDk0LnBkZgAADgBeAC4AcwB0AGUAZQBsAGUALQAyADAAMAAxAC0AcwBhAHYAaQBuAGcAcwAtAGMAcgBlAGQAaQB0ACAAZwByAG8AdQBwACAAZgBvAHIAbQBhAHQAaQBvAG4ALgBwAGQAZgAPABoADABNAGEAYwBpAG4AdABvAHMAaAAgAEgARAASAItVc2Vycy9jbGF1cy9MaWJyYXJ5L01vYmlsZSBEb2N1bWVudHMvM0w2OEtRQjRIR35jb21+cmVhZGRsZX5Db21tb25Eb2N1bWVudHMvRG9jdW1lbnRzL3N0ZWVsZS9zdGVlbGUtMjAwMS1zYXZpbmdzLWNyZWRpdCBncm91cCBmb3JtYXRpb24ucGRmAAATAAEvAAAVAAIADP//AACABtIbHB0eWiRjbGFzc25hbWVYJGNsYXNzZXNdTlNNdXRhYmxlRGF0YaMdHyBWTlNEYXRhWE5TT2JqZWN00hscIiNcTlNEaWN0aW9uYXJ5oiIgXxAPTlNLZXllZEFyY2hpdmVy0SYnVHJvb3SAAQAIABEAGgAjAC0AMgA3AEAARgBNAFUAYABnAGoAbABuAHEAcwB1AHcAhACOARwBIQEpA7MDtQO6A8UDzgPcA+AD5wPwA/UEAgQFBBcEGgQfAAAAAAAAAgEAAAAAAAAAKAAAAAAAAAAAAAAAAAAABCE=}}

@article{Feyisetan1996,
	Author = {Feyisetan, Bamikale J and Ainsworth, Martha},
	Date-Added = {2017-07-11 20:30:49 +0000},
	Date-Modified = {2017-07-11 20:30:49 +0000},
	Journal = {The World Bank Economic Review},
	Keywords = {Tanzania, Oxford chapter},
	Number = {1},
	Pages = {159--187},
	Publisher = {World Bank},
	Title = {Contraceptive use and the quality, price, and availability of family planning in Nigeria},
	Volume = {10},
	Year = {1996},
	Bdsk-File-1 = {YnBsaXN0MDDUAQIDBAUGJCVYJHZlcnNpb25YJG9iamVjdHNZJGFyY2hpdmVyVCR0b3ASAAGGoKgHCBMUFRYaIVUkbnVsbNMJCgsMDxJXTlMua2V5c1pOUy5vYmplY3RzViRjbGFzc6INDoACgAOiEBGABIAFgAdccmVsYXRpdmVQYXRoWWFsaWFzRGF0YV8QnC4uLy4uLy4uLy4uL0xpYnJhcnkvTW9iaWxlIERvY3VtZW50cy8zTDY4S1FCNEhHfmNvbX5yZWFkZGxlfkNvbW1vbkRvY3VtZW50cy9Eb2N1bWVudHMvZmV5aXNldGFuL2ZleWlzZXRhbi0xOTk2LWNvbnRyYWNlcHRpdmUgdXNlIGFuZCB0aGUgcXVhbGl0eSwgcHJpY2UsLnBkZtIXCxgZV05TLmRhdGFPEQK4AAAAAAK4AAIAAAxNYWNpbnRvc2ggSEQAAAAAAAAAAAAAAAAAAADTpcj9SCsAAAAJ/+0fZmV5aXNldGFuLTE5OTYtY29udHJhI0ExRTY3LnBkZgAAAAAAAAAAAAAAAAAAAAAAAAAAAAAAAAAAAAAAAAAAAAoeZ8pYwtYAAAAAAAAAAAAEAAYAAAkgAAAAAAAAAAAAAAAAAAAACWZleWlzZXRhbgAAEAAIAADTpittAAAAEQAIAADKWSVGAAAAAQAcAAn/7QAJlbkACZW2AAmTNgAJi6QACYufAAYw4gACAIxNYWNpbnRvc2ggSEQ6VXNlcnM6AGNsYXVzOgBMaWJyYXJ5OgBNb2JpbGUgRG9jdW1lbnRzOgAzTDY4S1FCNEhHfmNvbX5yZWFkZGxlfkNvIzk5NUI2OgBEb2N1bWVudHM6AGZleWlzZXRhbjoAZmV5aXNldGFuLTE5OTYtY29udHJhI0ExRTY3LnBkZgAOAHoAPABmAGUAeQBpAHMAZQB0AGEAbgAtADEAOQA5ADYALQBjAG8AbgB0AHIAYQBjAGUAcAB0AGkAdgBlACAAdQBzAGUAIABhAG4AZAAgAHQAaABlACAAcQB1AGEAbABpAHQAeQAsACAAcAByAGkAYwBlACwALgBwAGQAZgAPABoADABNAGEAYwBpAG4AdABvAHMAaAAgAEgARAASAJxVc2Vycy9jbGF1cy9MaWJyYXJ5L01vYmlsZSBEb2N1bWVudHMvM0w2OEtRQjRIR35jb21+cmVhZGRsZX5Db21tb25Eb2N1bWVudHMvRG9jdW1lbnRzL2ZleWlzZXRhbi9mZXlpc2V0YW4tMTk5Ni1jb250cmFjZXB0aXZlIHVzZSBhbmQgdGhlIHF1YWxpdHksIHByaWNlLC5wZGYAEwABLwAAFQACAAz//wAAgAbSGxwdHlokY2xhc3NuYW1lWCRjbGFzc2VzXU5TTXV0YWJsZURhdGGjHR8gVk5TRGF0YVhOU09iamVjdNIbHCIjXE5TRGljdGlvbmFyeaIiIF8QD05TS2V5ZWRBcmNoaXZlctEmJ1Ryb290gAEACAARABoAIwAtADIANwBAAEYATQBVAGAAZwBqAGwAbgBxAHMAdQB3AIQAjgEtATIBOgP2A/gD/QQIBBEEHwQjBCoEMwQ4BEUESARaBF0EYgAAAAAAAAIBAAAAAAAAACgAAAAAAAAAAAAAAAAAAARk}}

@article{Chen2003,
	Author = {Chen, Susan and Guilkey, David K},
	Date-Added = {2017-07-11 20:30:49 +0000},
	Date-Modified = {2017-07-11 20:30:49 +0000},
	Journal = {Studies in Family Planning},
	Keywords = {Tanzania},
	Number = {4},
	Pages = {263--276},
	Publisher = {Wiley Online Library},
	Title = {Determinants of contraceptive method choice in rural Tanzania between 1991 and 1999},
	Volume = {34},
	Year = {2003},
	Bdsk-File-1 = {YnBsaXN0MDDUAQIDBAUGJCVYJHZlcnNpb25YJG9iamVjdHNZJGFyY2hpdmVyVCR0b3ASAAGGoKgHCBMUFRYaIVUkbnVsbNMJCgsMDxJXTlMua2V5c1pOUy5vYmplY3RzViRjbGFzc6INDoACgAOiEBGABIAFgAdccmVsYXRpdmVQYXRoWWFsaWFzRGF0YV8QjS4uLy4uLy4uLy4uL0xpYnJhcnkvTW9iaWxlIERvY3VtZW50cy8zTDY4S1FCNEhHfmNvbX5yZWFkZGxlfkNvbW1vbkRvY3VtZW50cy9Eb2N1bWVudHMvY2hlbi9jaGVuLTIwMDMtZGV0ZXJtaW5hbnRzIG9mIGNvbnRyYWNlcHRpdmUgbWV0aG9kLnBkZtIXCxgZV05TLmRhdGFPEQKMAAAAAAKMAAIAAAxNYWNpbnRvc2ggSEQAAAAAAAAAAAAAAAAAAADTpcj9SCsAAAAKAEQfY2hlbi0yMDAzLWRldGVybWluYW4jNDUxNTMyLnBkZgAAAAAAAAAAAAAAAAAAAAAAAAAAAAAAAAAAAAAAAAAAAEUVMspYzMIAAAAAAAAAAAAEAAYAAAkgAAAAAAAAAAAAAAAAAAAABGNoZW4AEAAIAADTpittAAAAEQAIAADKWS8yAAAAAQAcAAoARAAJlbkACZW2AAmTNgAJi6QACYufAAYw4gACAIdNYWNpbnRvc2ggSEQ6VXNlcnM6AGNsYXVzOgBMaWJyYXJ5OgBNb2JpbGUgRG9jdW1lbnRzOgAzTDY4S1FCNEhHfmNvbX5yZWFkZGxlfkNvIzk5NUI2OgBEb2N1bWVudHM6AGNoZW46AGNoZW4tMjAwMy1kZXRlcm1pbmFuIzQ1MTUzMi5wZGYAAA4AZgAyAGMAaABlAG4ALQAyADAAMAAzAC0AZABlAHQAZQByAG0AaQBuAGEAbgB0AHMAIABvAGYAIABjAG8AbgB0AHIAYQBjAGUAcAB0AGkAdgBlACAAbQBlAHQAaABvAGQALgBwAGQAZgAPABoADABNAGEAYwBpAG4AdABvAHMAaAAgAEgARAASAI1Vc2Vycy9jbGF1cy9MaWJyYXJ5L01vYmlsZSBEb2N1bWVudHMvM0w2OEtRQjRIR35jb21+cmVhZGRsZX5Db21tb25Eb2N1bWVudHMvRG9jdW1lbnRzL2NoZW4vY2hlbi0yMDAzLWRldGVybWluYW50cyBvZiBjb250cmFjZXB0aXZlIG1ldGhvZC5wZGYAABMAAS8AABUAAgAM//8AAIAG0hscHR5aJGNsYXNzbmFtZVgkY2xhc3Nlc11OU011dGFibGVEYXRhox0fIFZOU0RhdGFYTlNPYmplY3TSGxwiI1xOU0RpY3Rpb25hcnmiIiBfEA9OU0tleWVkQXJjaGl2ZXLRJidUcm9vdIABAAgAEQAaACMALQAyADcAQABGAE0AVQBgAGcAagBsAG4AcQBzAHUAdwCEAI4BHgEjASsDuwO9A8IDzQPWA+QD6APvA/gD/QQKBA0EHwQiBCcAAAAAAAACAQAAAAAAAAAoAAAAAAAAAAAAAAAAAAAEKQ==}}

@article{Ainsworth1996,
	Author = {Ainsworth, Martha and Beegle, Kathleen and Nyamete, Andrew},
	Date-Added = {2017-07-11 20:30:49 +0000},
	Date-Modified = {2017-07-11 20:30:49 +0000},
	Journal = {The World Bank Economic Review},
	Keywords = {Tanzania, Oxford chapter},
	Number = {1},
	Pages = {85--122},
	Publisher = {World Bank},
	Title = {The impact of women's schooling on fertility and contraceptive use: A study of fourteen sub-Saharan African countries},
	Volume = {10},
	Year = {1996},
	Bdsk-File-1 = {YnBsaXN0MDDUAQIDBAUGJCVYJHZlcnNpb25YJG9iamVjdHNZJGFyY2hpdmVyVCR0b3ASAAGGoKgHCBMUFRYaIVUkbnVsbNMJCgsMDxJXTlMua2V5c1pOUy5vYmplY3RzViRjbGFzc6INDoACgAOiEBGABIAFgAdccmVsYXRpdmVQYXRoWWFsaWFzRGF0YV8Qki4uLy4uLy4uLy4uL0xpYnJhcnkvTW9iaWxlIERvY3VtZW50cy8zTDY4S1FCNEhHfmNvbX5yZWFkZGxlfkNvbW1vbkRvY3VtZW50cy9Eb2N1bWVudHMvYWluc3dvcnRoL2FpbnN3b3J0aC0xOTk2LXRoZSBpbXBhY3Qgb2Ygd29tZW4ncyBzY2hvb2xpbmcucGRm0hcLGBlXTlMuZGF0YU8RApoAAAAAApoAAgAADE1hY2ludG9zaCBIRAAAAAAAAAAAAAAAAAAAANOlyP1IKwAAAAoAEB9haW5zd29ydGgtMTk5Ni10aGUgaSM0NTE1NEQucGRmAAAAAAAAAAAAAAAAAAAAAAAAAAAAAAAAAAAAAAAAAAAARRVNyljB+gAAAAAAAAAAAAQABgAACSAAAAAAAAAAAAAAAAAAAAAJYWluc3dvcnRoAAAQAAgAANOmK20AAAARAAgAAMpZJGoAAAABABwACgAQAAmVuQAJlbYACZM2AAmLpAAJi58ABjDiAAIAjE1hY2ludG9zaCBIRDpVc2VyczoAY2xhdXM6AExpYnJhcnk6AE1vYmlsZSBEb2N1bWVudHM6ADNMNjhLUUI0SEd+Y29tfnJlYWRkbGV+Q28jOTk1QjY6AERvY3VtZW50czoAYWluc3dvcnRoOgBhaW5zd29ydGgtMTk5Ni10aGUgaSM0NTE1NEQucGRmAA4AZgAyAGEAaQBuAHMAdwBvAHIAdABoAC0AMQA5ADkANgAtAHQAaABlACAAaQBtAHAAYQBjAHQAIABvAGYAIAB3AG8AbQBlAG4AJwBzACAAcwBjAGgAbwBvAGwAaQBuAGcALgBwAGQAZgAPABoADABNAGEAYwBpAG4AdABvAHMAaAAgAEgARAASAJJVc2Vycy9jbGF1cy9MaWJyYXJ5L01vYmlsZSBEb2N1bWVudHMvM0w2OEtRQjRIR35jb21+cmVhZGRsZX5Db21tb25Eb2N1bWVudHMvRG9jdW1lbnRzL2FpbnN3b3J0aC9haW5zd29ydGgtMTk5Ni10aGUgaW1wYWN0IG9mIHdvbWVuJ3Mgc2Nob29saW5nLnBkZgATAAEvAAAVAAIADP//AACABtIbHB0eWiRjbGFzc25hbWVYJGNsYXNzZXNdTlNNdXRhYmxlRGF0YaMdHyBWTlNEYXRhWE5TT2JqZWN00hscIiNcTlNEaWN0aW9uYXJ5oiIgXxAPTlNLZXllZEFyY2hpdmVy0SYnVHJvb3SAAQAIABEAGgAjAC0AMgA3AEAARgBNAFUAYABnAGoAbABuAHEAcwB1AHcAhACOASMBKAEwA84D0APVA+AD6QP3A/sEAgQLBBAEHQQgBDIENQQ6AAAAAAAAAgEAAAAAAAAAKAAAAAAAAAAAAAAAAAAABDw=}}

@article{Eckstein1985,
	Author = {Eckstein, Zvi and Schultz, T Paul and Wolpin, Kenneth I},
	Date-Added = {2017-07-11 20:30:49 +0000},
	Date-Modified = {2017-07-11 20:30:49 +0000},
	Journal = {European Economic Review},
	Keywords = {Tanzania},
	Number = {3},
	Pages = {295--317},
	Publisher = {Elsevier},
	Title = {Short-run fluctuations in fertility and mortality in pre-industrial Sweden},
	Volume = {26},
	Year = {1985},
	Bdsk-File-1 = {YnBsaXN0MDDUAQIDBAUGJCVYJHZlcnNpb25YJG9iamVjdHNZJGFyY2hpdmVyVCR0b3ASAAGGoKgHCBMUFRYaIVUkbnVsbNMJCgsMDxJXTlMua2V5c1pOUy5vYmplY3RzViRjbGFzc6INDoACgAOiEBGABIAFgAdccmVsYXRpdmVQYXRoWWFsaWFzRGF0YV8QlC4uLy4uLy4uLy4uL0xpYnJhcnkvTW9iaWxlIERvY3VtZW50cy8zTDY4S1FCNEhHfmNvbX5yZWFkZGxlfkNvbW1vbkRvY3VtZW50cy9Eb2N1bWVudHMvZWNrc3RlaW4vZWNrc3RlaW4tMTk4NS1zaG9ydC1ydW4gZmx1Y3R1YXRpb25zIGluIGZlcnRpbGl0eS5wZGbSFwsYGVdOUy5kYXRhTxECoAAAAAACoAACAAAMTWFjaW50b3NoIEhEAAAAAAAAAAAAAAAAAAAA06XI/UgrAAAACf/PH2Vja3N0ZWluLTE5ODUtc2hvcnQtciNBMUUzMS5wZGYAAAAAAAAAAAAAAAAAAAAAAAAAAAAAAAAAAAAAAAAAAAAKHjHK+zZrAAAAAAAAAAAABAAGAAAJIAAAAAAAAAAAAAAAAAAAAAhlY2tzdGVpbgAQAAgAANOmK20AAAARAAgAAMr7pusAAAABABwACf/PAAmVuQAJlbYACZM2AAmLpAAJi58ABjDiAAIAi01hY2ludG9zaCBIRDpVc2VyczoAY2xhdXM6AExpYnJhcnk6AE1vYmlsZSBEb2N1bWVudHM6ADNMNjhLUUI0SEd+Y29tfnJlYWRkbGV+Q28jOTk1QjY6AERvY3VtZW50czoAZWNrc3RlaW46AGVja3N0ZWluLTE5ODUtc2hvcnQtciNBMUUzMS5wZGYAAA4AbAA1AGUAYwBrAHMAdABlAGkAbgAtADEAOQA4ADUALQBzAGgAbwByAHQALQByAHUAbgAgAGYAbAB1AGMAdAB1AGEAdABpAG8AbgBzACAAaQBuACAAZgBlAHIAdABpAGwAaQB0AHkALgBwAGQAZgAPABoADABNAGEAYwBpAG4AdABvAHMAaAAgAEgARAASAJRVc2Vycy9jbGF1cy9MaWJyYXJ5L01vYmlsZSBEb2N1bWVudHMvM0w2OEtRQjRIR35jb21+cmVhZGRsZX5Db21tb25Eb2N1bWVudHMvRG9jdW1lbnRzL2Vja3N0ZWluL2Vja3N0ZWluLTE5ODUtc2hvcnQtcnVuIGZsdWN0dWF0aW9ucyBpbiBmZXJ0aWxpdHkucGRmABMAAS8AABUAAgAM//8AAIAG0hscHR5aJGNsYXNzbmFtZVgkY2xhc3Nlc11OU011dGFibGVEYXRhox0fIFZOU0RhdGFYTlNPYmplY3TSGxwiI1xOU0RpY3Rpb25hcnmiIiBfEA9OU0tleWVkQXJjaGl2ZXLRJidUcm9vdIABAAgAEQAaACMALQAyADcAQABGAE0AVQBgAGcAagBsAG4AcQBzAHUAdwCEAI4BJQEqATID1gPYA90D6APxA/8EAwQKBBMEGAQlBCgEOgQ9BEIAAAAAAAACAQAAAAAAAAAoAAAAAAAAAAAAAAAAAAAERA==}}

@article{Schultz1985,
	Author = {Schultz, T Paul},
	Date-Added = {2017-07-11 20:30:49 +0000},
	Date-Modified = {2017-07-11 20:30:49 +0000},
	Journal = {The Journal of Political Economy},
	Keywords = {Tanzania, Oxford chapter},
	Pages = {1126--1154},
	Publisher = {JSTOR},
	Title = {Changing world prices, women's wages, and the fertility transition: Sweden, 1860-1910},
	Year = {1985},
	Bdsk-File-1 = {YnBsaXN0MDDUAQIDBAUGJCVYJHZlcnNpb25YJG9iamVjdHNZJGFyY2hpdmVyVCR0b3ASAAGGoKgHCBMUFRYaIVUkbnVsbNMJCgsMDxJXTlMua2V5c1pOUy5vYmplY3RzViRjbGFzc6INDoACgAOiEBGABIAFgAdccmVsYXRpdmVQYXRoWWFsaWFzRGF0YV8QhS4uLy4uLy4uLy4uL0xpYnJhcnkvTW9iaWxlIERvY3VtZW50cy8zTDY4S1FCNEhHfmNvbX5yZWFkZGxlfkNvbW1vbkRvY3VtZW50cy9Eb2N1bWVudHMvc2NodWx0ei9zY2h1bHR6LTE5ODUtY2hhbmdpbmcgd29ybGQgcHJpY2VzLC5wZGbSFwsYGVdOUy5kYXRhTxECdAAAAAACdAACAAAMTWFjaW50b3NoIEhEAAAAAAAAAAAAAAAAAAAA06XI/UgrAAAACf+nH3NjaHVsdHotMTk4NS1jaGFuZ2luZyNBMThDMC5wZGYAAAAAAAAAAAAAAAAAAAAAAAAAAAAAAAAAAAAAAAAAAAAKGMDK+zeqAAAAAAAAAAAABAAGAAAJIAAAAAAAAAAAAAAAAAAAAAdzY2h1bHR6AAAQAAgAANOmK20AAAARAAgAAMr7qCoAAAABABwACf+nAAmVuQAJlbYACZM2AAmLpAAJi58ABjDiAAIAik1hY2ludG9zaCBIRDpVc2VyczoAY2xhdXM6AExpYnJhcnk6AE1vYmlsZSBEb2N1bWVudHM6ADNMNjhLUUI0SEd+Y29tfnJlYWRkbGV+Q28jOTk1QjY6AERvY3VtZW50czoAc2NodWx0ejoAc2NodWx0ei0xOTg1LWNoYW5naW5nI0ExOEMwLnBkZgAOAFAAJwBzAGMAaAB1AGwAdAB6AC0AMQA5ADgANQAtAGMAaABhAG4AZwBpAG4AZwAgAHcAbwByAGwAZAAgAHAAcgBpAGMAZQBzACwALgBwAGQAZgAPABoADABNAGEAYwBpAG4AdABvAHMAaAAgAEgARAASAIVVc2Vycy9jbGF1cy9MaWJyYXJ5L01vYmlsZSBEb2N1bWVudHMvM0w2OEtRQjRIR35jb21+cmVhZGRsZX5Db21tb25Eb2N1bWVudHMvRG9jdW1lbnRzL3NjaHVsdHovc2NodWx0ei0xOTg1LWNoYW5naW5nIHdvcmxkIHByaWNlcywucGRmAAATAAEvAAAVAAIADP//AACABtIbHB0eWiRjbGFzc25hbWVYJGNsYXNzZXNdTlNNdXRhYmxlRGF0YaMdHyBWTlNEYXRhWE5TT2JqZWN00hscIiNcTlNEaWN0aW9uYXJ5oiIgXxAPTlNLZXllZEFyY2hpdmVy0SYnVHJvb3SAAQAIABEAGgAjAC0AMgA3AEAARgBNAFUAYABnAGoAbABuAHEAcwB1AHcAhACOARYBGwEjA5sDnQOiA60DtgPEA8gDzwPYA90D6gPtA/8EAgQHAAAAAAAAAgEAAAAAAAAAKAAAAAAAAAAAAAAAAAAABAk=}}

@article{Eckstein1999a,
	Author = {Eckstein, Zvi and Mira, Pedro and Wolpin, Kenneth I},
	Date-Added = {2017-07-11 20:30:49 +0000},
	Date-Modified = {2017-07-11 20:30:49 +0000},
	Journal = {Review of Economic Dynamics},
	Keywords = {Tanzania},
	Number = {1},
	Pages = {137--165},
	Publisher = {Elsevier},
	Title = {A quantitative analysis of Swedish fertility dynamics: 1751--1990},
	Volume = {2},
	Year = {1999},
	Bdsk-File-1 = {YnBsaXN0MDDUAQIDBAUGJCVYJHZlcnNpb25YJG9iamVjdHNZJGFyY2hpdmVyVCR0b3ASAAGGoKgHCBMUFRYaIVUkbnVsbNMJCgsMDxJXTlMua2V5c1pOUy5vYmplY3RzViRjbGFzc6INDoACgAOiEBGABIAFgAdccmVsYXRpdmVQYXRoWWFsaWFzRGF0YV8Qky4uLy4uLy4uLy4uL0xpYnJhcnkvTW9iaWxlIERvY3VtZW50cy8zTDY4S1FCNEhHfmNvbX5yZWFkZGxlfkNvbW1vbkRvY3VtZW50cy9Eb2N1bWVudHMvZWNrc3RlaW4vZWNrc3RlaW4tMTk5OS1hIHF1YW50aXRhdGl2ZSBhbmFseXNpcyBvZiBzd2VkaXNoLnBkZtIXCxgZV05TLmRhdGFPEQKeAAAAAAKeAAIAAAxNYWNpbnRvc2ggSEQAAAAAAAAAAAAAAAAAAADTpcj9SCsAAAAJ/88fZWNrc3RlaW4tMTk5OS1hIHF1YW50I0ExOTIxLnBkZgAAAAAAAAAAAAAAAAAAAAAAAAAAAAAAAAAAAAAAAAAAAAoZIdGh5T0AAAAAAAAAAAAEAAYAAAkgAAAAAAAAAAAAAAAAAAAACGVja3N0ZWluABAACAAA06YrbQAAABEACAAA0aJHrQAAAAEAHAAJ/88ACZW5AAmVtgAJkzYACYukAAmLnwAGMOIAAgCLTWFjaW50b3NoIEhEOlVzZXJzOgBjbGF1czoATGlicmFyeToATW9iaWxlIERvY3VtZW50czoAM0w2OEtRQjRIR35jb21+cmVhZGRsZX5DbyM5OTVCNjoARG9jdW1lbnRzOgBlY2tzdGVpbjoAZWNrc3RlaW4tMTk5OS1hIHF1YW50I0ExOTIxLnBkZgAADgBqADQAZQBjAGsAcwB0AGUAaQBuAC0AMQA5ADkAOQAtAGEAIABxAHUAYQBuAHQAaQB0AGEAdABpAHYAZQAgAGEAbgBhAGwAeQBzAGkAcwAgAG8AZgAgAHMAdwBlAGQAaQBzAGgALgBwAGQAZgAPABoADABNAGEAYwBpAG4AdABvAHMAaAAgAEgARAASAJNVc2Vycy9jbGF1cy9MaWJyYXJ5L01vYmlsZSBEb2N1bWVudHMvM0w2OEtRQjRIR35jb21+cmVhZGRsZX5Db21tb25Eb2N1bWVudHMvRG9jdW1lbnRzL2Vja3N0ZWluL2Vja3N0ZWluLTE5OTktYSBxdWFudGl0YXRpdmUgYW5hbHlzaXMgb2Ygc3dlZGlzaC5wZGYAABMAAS8AABUAAgAM//8AAIAG0hscHR5aJGNsYXNzbmFtZVgkY2xhc3Nlc11OU011dGFibGVEYXRhox0fIFZOU0RhdGFYTlNPYmplY3TSGxwiI1xOU0RpY3Rpb25hcnmiIiBfEA9OU0tleWVkQXJjaGl2ZXLRJidUcm9vdIABAAgAEQAaACMALQAyADcAQABGAE0AVQBgAGcAagBsAG4AcQBzAHUAdwCEAI4BJAEpATED0wPVA9oD5QPuA/wEAAQHBBAEFQQiBCUENwQ6BD8AAAAAAAACAQAAAAAAAAAoAAAAAAAAAAAAAAAAAAAEQQ==}}

@article{Bailey1998,
	Author = {Bailey, Roy E and Chambers, Marcus J},
	Date-Added = {2017-07-11 20:30:49 +0000},
	Date-Modified = {2017-07-11 20:30:49 +0000},
	Journal = {Journal of Population Economics},
	Keywords = {Tanzania, Oxford chapter},
	Number = {3},
	Pages = {413--434},
	Publisher = {Springer},
	Title = {The impact of real wage and mortality fluctuations on fertility and nuptiality in precensus England},
	Volume = {11},
	Year = {1998},
	Bdsk-File-1 = {YnBsaXN0MDDUAQIDBAUGJCVYJHZlcnNpb25YJG9iamVjdHNZJGFyY2hpdmVyVCR0b3ASAAGGoKgHCBMUFRYaIVUkbnVsbNMJCgsMDxJXTlMua2V5c1pOUy5vYmplY3RzViRjbGFzc6INDoACgAOiEBGABIAFgAdccmVsYXRpdmVQYXRoWWFsaWFzRGF0YV8QhC4uLy4uLy4uLy4uL0xpYnJhcnkvTW9iaWxlIERvY3VtZW50cy8zTDY4S1FCNEhHfmNvbX5yZWFkZGxlfkNvbW1vbkRvY3VtZW50cy9Eb2N1bWVudHMvYmFpbGV5L2JhaWxleS0xOTk4LXRoZSBpbXBhY3Qgb2YgcmVhbCB3YWdlLnBkZtIXCxgZV05TLmRhdGFPEQJwAAAAAAJwAAIAAAxNYWNpbnRvc2ggSEQAAAAAAAAAAAAAAAAAAADTpcj9SCsAAAAKAFgfYmFpbGV5LTE5OTgtdGhlIGltcGFjI0ExRTU0LnBkZgAAAAAAAAAAAAAAAAAAAAAAAAAAAAAAAAAAAAAAAAAAAAoeVNIkWi4AAAAAAAAAAAAEAAYAAAkgAAAAAAAAAAAAAAAAAAAABmJhaWxleQAQAAgAANOmK20AAAARAAgAANIkvJ4AAAABABwACgBYAAmVuQAJlbYACZM2AAmLpAAJi58ABjDiAAIAiU1hY2ludG9zaCBIRDpVc2VyczoAY2xhdXM6AExpYnJhcnk6AE1vYmlsZSBEb2N1bWVudHM6ADNMNjhLUUI0SEd+Y29tfnJlYWRkbGV+Q28jOTk1QjY6AERvY3VtZW50czoAYmFpbGV5OgBiYWlsZXktMTk5OC10aGUgaW1wYWMjQTFFNTQucGRmAAAOAFAAJwBiAGEAaQBsAGUAeQAtADEAOQA5ADgALQB0AGgAZQAgAGkAbQBwAGEAYwB0ACAAbwBmACAAcgBlAGEAbAAgAHcAYQBnAGUALgBwAGQAZgAPABoADABNAGEAYwBpAG4AdABvAHMAaAAgAEgARAASAIRVc2Vycy9jbGF1cy9MaWJyYXJ5L01vYmlsZSBEb2N1bWVudHMvM0w2OEtRQjRIR35jb21+cmVhZGRsZX5Db21tb25Eb2N1bWVudHMvRG9jdW1lbnRzL2JhaWxleS9iYWlsZXktMTk5OC10aGUgaW1wYWN0IG9mIHJlYWwgd2FnZS5wZGYAEwABLwAAFQACAAz//wAAgAbSGxwdHlokY2xhc3NuYW1lWCRjbGFzc2VzXU5TTXV0YWJsZURhdGGjHR8gVk5TRGF0YVhOU09iamVjdNIbHCIjXE5TRGljdGlvbmFyeaIiIF8QD05TS2V5ZWRBcmNoaXZlctEmJ1Ryb290gAEACAARABoAIwAtADIANwBAAEYATQBVAGAAZwBqAGwAbgBxAHMAdQB3AIQAjgEVARoBIgOWA5gDnQOoA7EDvwPDA8oD0wPYA+UD6AP6A/0EAgAAAAAAAAIBAAAAAAAAACgAAAAAAAAAAAAAAAAAAAQE}}

@article{Galloway1987,
	Author = {Galloway, Patrick R},
	Date-Added = {2017-07-11 20:30:49 +0000},
	Date-Modified = {2017-07-11 20:30:49 +0000},
	Journal = {European Journal of Population/Revue europ{\'e}enne de D{\'e}mographie},
	Keywords = {Tanzania, Oxford chapter},
	Number = {3-4},
	Pages = {269--305},
	Publisher = {Springer},
	Title = {Differentials in demographic responses to annual price variations in pre-revolutionary France},
	Volume = {2},
	Year = {1987},
	Bdsk-File-1 = {YnBsaXN0MDDUAQIDBAUGJCVYJHZlcnNpb25YJG9iamVjdHNZJGFyY2hpdmVyVCR0b3ASAAGGoKgHCBMUFRYaIVUkbnVsbNMJCgsMDxJXTlMua2V5c1pOUy5vYmplY3RzViRjbGFzc6INDoACgAOiEBGABIAFgAdccmVsYXRpdmVQYXRoWWFsaWFzRGF0YV8Qly4uLy4uLy4uLy4uL0xpYnJhcnkvTW9iaWxlIERvY3VtZW50cy8zTDY4S1FCNEhHfmNvbX5yZWFkZGxlfkNvbW1vbkRvY3VtZW50cy9Eb2N1bWVudHMvZ2FsbG93YXkvZ2FsbG93YXktMTk4Ny1kaWZmZXJlbnRpYWxzIGluIGRlbW9ncmFwaGljIHJlc3BvbnNlcy5wZGbSFwsYGVdOUy5kYXRhTxECqgAAAAACqgACAAAMTWFjaW50b3NoIEhEAAAAAAAAAAAAAAAAAAAA06XI/UgrAAAACf+mH2dhbGxvd2F5LTE5ODctZGlmZmVyZSNBMUU3MC5wZGYAAAAAAAAAAAAAAAAAAAAAAAAAAAAAAAAAAAAAAAAAAAAKHnDRoeO3AAAAAAAAAAAABAAGAAAJIAAAAAAAAAAAAAAAAAAAAAhnYWxsb3dheQAQAAgAANOmK20AAAARAAgAANGiRicAAAABABwACf+mAAmVuQAJlbYACZM2AAmLpAAJi58ABjDiAAIAi01hY2ludG9zaCBIRDpVc2VyczoAY2xhdXM6AExpYnJhcnk6AE1vYmlsZSBEb2N1bWVudHM6ADNMNjhLUUI0SEd+Y29tfnJlYWRkbGV+Q28jOTk1QjY6AERvY3VtZW50czoAZ2FsbG93YXk6AGdhbGxvd2F5LTE5ODctZGlmZmVyZSNBMUU3MC5wZGYAAA4AcgA4AGcAYQBsAGwAbwB3AGEAeQAtADEAOQA4ADcALQBkAGkAZgBmAGUAcgBlAG4AdABpAGEAbABzACAAaQBuACAAZABlAG0AbwBnAHIAYQBwAGgAaQBjACAAcgBlAHMAcABvAG4AcwBlAHMALgBwAGQAZgAPABoADABNAGEAYwBpAG4AdABvAHMAaAAgAEgARAASAJdVc2Vycy9jbGF1cy9MaWJyYXJ5L01vYmlsZSBEb2N1bWVudHMvM0w2OEtRQjRIR35jb21+cmVhZGRsZX5Db21tb25Eb2N1bWVudHMvRG9jdW1lbnRzL2dhbGxvd2F5L2dhbGxvd2F5LTE5ODctZGlmZmVyZW50aWFscyBpbiBkZW1vZ3JhcGhpYyByZXNwb25zZXMucGRmAAATAAEvAAAVAAIADP//AACABtIbHB0eWiRjbGFzc25hbWVYJGNsYXNzZXNdTlNNdXRhYmxlRGF0YaMdHyBWTlNEYXRhWE5TT2JqZWN00hscIiNcTlNEaWN0aW9uYXJ5oiIgXxAPTlNLZXllZEFyY2hpdmVy0SYnVHJvb3SAAQAIABEAGgAjAC0AMgA3AEAARgBNAFUAYABnAGoAbABuAHEAcwB1AHcAhACOASgBLQE1A+MD5QPqA/UD/gQMBBAEFwQgBCUEMgQ1BEcESgRPAAAAAAAAAgEAAAAAAAAAKAAAAAAAAAAAAAAAAAAABFE=}}

@inproceedings{Galabawa2001,
	Address = {Arusha, Tanzania},
	Author = {Galabawa, Justinian C J},
	Booktitle = {ADEA Biennial Meeting 2001},
	Date-Added = {2017-07-11 20:30:49 +0000},
	Date-Modified = {2017-07-11 20:30:49 +0000},
	File = {{Galabawa_2001_ADEA_Biennial_Meeting_2001.pdf:/Users/claus/Dropbox/Application Support/Papers2/Articles/2001/Galabawa/Galabawa_2001_ADEA_Biennial_Meeting_2001.pdf:application/pdf}},
	Keywords = {Tanzania, Oxford chapter},
	Local-Url = {file://localhost/Users/claus/Dropbox/Application%20Support/Papers2/Articles/2001/Galabawa/Galabawa_2001_ADEA_Biennial_Meeting_2001.pdf},
	Month = oct,
	Pages = {1--49},
	Rating = {0},
	Read = {Yes},
	Title = {{Developments and Issues Regarding Universal Primary Education (UPE) in Tanzania}},
	Url = {http://www.adeanet.org/adeaPortal/adea/biennial/papers/en_arusha_galabawa.pdf},
	Year = {2001},
	Bdsk-File-1 = {YnBsaXN0MDDUAQIDBAUGJCVYJHZlcnNpb25YJG9iamVjdHNZJGFyY2hpdmVyVCR0b3ASAAGGoKgHCBMUFRYaIVUkbnVsbNMJCgsMDxJXTlMua2V5c1pOUy5vYmplY3RzViRjbGFzc6INDoACgAOiEBGABIAFgAdccmVsYXRpdmVQYXRoWWFsaWFzRGF0YV8Qki4uLy4uLy4uLy4uL0xpYnJhcnkvTW9iaWxlIERvY3VtZW50cy8zTDY4S1FCNEhHfmNvbX5yZWFkZGxlfkNvbW1vbkRvY3VtZW50cy9Eb2N1bWVudHMvZ2FsYWJhd2EvZ2FsYWJhd2EtMjAwMS1kZXZlbG9wbWVudHMgYW5kIGlzc3VlcyByZWdhcmRpbmcucGRm0hcLGBlXTlMuZGF0YU8RApoAAAAAApoAAgAADE1hY2ludG9zaCBIRAAAAAAAAAAAAAAAAAAAANOlyP1IKwAAAAoA+R9nYWxhYmF3YS0yMDAxLWRldmVsb3AjQTFFMDEucGRmAAAAAAAAAAAAAAAAAAAAAAAAAAAAAAAAAAAAAAAAAAAACh4Bzhv/NQAAAAAAAAAAAAQABgAACSAAAAAAAAAAAAAAAAAAAAAIZ2FsYWJhd2EAEAAIAADTpittAAAAEQAIAADOHGGlAAAAAQAcAAoA+QAJlbkACZW2AAmTNgAJi6QACYufAAYw4gACAItNYWNpbnRvc2ggSEQ6VXNlcnM6AGNsYXVzOgBMaWJyYXJ5OgBNb2JpbGUgRG9jdW1lbnRzOgAzTDY4S1FCNEhHfmNvbX5yZWFkZGxlfkNvIzk5NUI2OgBEb2N1bWVudHM6AGdhbGFiYXdhOgBnYWxhYmF3YS0yMDAxLWRldmVsb3AjQTFFMDEucGRmAAAOAGgAMwBnAGEAbABhAGIAYQB3AGEALQAyADAAMAAxAC0AZABlAHYAZQBsAG8AcABtAGUAbgB0AHMAIABhAG4AZAAgAGkAcwBzAHUAZQBzACAAcgBlAGcAYQByAGQAaQBuAGcALgBwAGQAZgAPABoADABNAGEAYwBpAG4AdABvAHMAaAAgAEgARAASAJJVc2Vycy9jbGF1cy9MaWJyYXJ5L01vYmlsZSBEb2N1bWVudHMvM0w2OEtRQjRIR35jb21+cmVhZGRsZX5Db21tb25Eb2N1bWVudHMvRG9jdW1lbnRzL2dhbGFiYXdhL2dhbGFiYXdhLTIwMDEtZGV2ZWxvcG1lbnRzIGFuZCBpc3N1ZXMgcmVnYXJkaW5nLnBkZgATAAEvAAAVAAIADP//AACABtIbHB0eWiRjbGFzc25hbWVYJGNsYXNzZXNdTlNNdXRhYmxlRGF0YaMdHyBWTlNEYXRhWE5TT2JqZWN00hscIiNcTlNEaWN0aW9uYXJ5oiIgXxAPTlNLZXllZEFyY2hpdmVy0SYnVHJvb3SAAQAIABEAGgAjAC0AMgA3AEAARgBNAFUAYABnAGoAbABuAHEAcwB1AHcAhACOASMBKAEwA84D0APVA+AD6QP3A/sEAgQLBBAEHQQgBDIENQQ6AAAAAAAAAgEAAAAAAAAAKAAAAAAAAAAAAAAAAAAABDw=},
	Bdsk-Url-1 = {http://www.adeanet.org/adeaPortal/adea/biennial/papers/en_arusha_galabawa.pdf}}

@inproceedings{Wedgwood2005,
	Author = {Wedgwood, Ruth},
	Booktitle = {UKFIET Oxford Conference on Education and Development},
	Date-Added = {2017-07-11 20:30:49 +0000},
	Date-Modified = {2017-07-11 20:30:49 +0000},
	File = {{Wedgwood_2005_UKFIET_Oxford_Conference_on_Education_and_Development.pdf:/Users/claus/Dropbox/Application Support/Papers2/Articles/2005/Wedgwood/Wedgwood_2005_UKFIET_Oxford_Conference_on_Education_and_Development.pdf:application/pdf}},
	Keywords = {Tanzania, Oxford chapter},
	Local-Url = {file://localhost/Users/claus/Dropbox/Application%20Support/Papers2/Articles/2005/Wedgwood/Wedgwood_2005_UKFIET_Oxford_Conference_on_Education_and_Development.pdf},
	Month = sep,
	Pages = {1--17},
	Rating = {0},
	Read = {Yes},
	Title = {{Education and Poverty Reduction in Tanzania}},
	Uri = {\url{papers2://publication/uuid/F561AE92-AC45-4A41-AA45-9AE63451EA4A}},
	Url = {http://r4d.dfid.gov.uk/PDF/Outputs/PolicyStrategy/OXCON_Wedgwood_final.pdf},
	Year = {2005},
	Bdsk-File-1 = {YnBsaXN0MDDUAQIDBAUGJCVYJHZlcnNpb25YJG9iamVjdHNZJGFyY2hpdmVyVCR0b3ASAAGGoKgHCBMUFRYaIVUkbnVsbNMJCgsMDxJXTlMua2V5c1pOUy5vYmplY3RzViRjbGFzc6INDoACgAOiEBGABIAFgAdccmVsYXRpdmVQYXRoWWFsaWFzRGF0YV8QkC4uLy4uLy4uLy4uL0xpYnJhcnkvTW9iaWxlIERvY3VtZW50cy8zTDY4S1FCNEhHfmNvbX5yZWFkZGxlfkNvbW1vbkRvY3VtZW50cy9Eb2N1bWVudHMvd2VkZ3dvb2Qvd2VkZ3dvb2QtMjAwNS1lZHVjYXRpb24gYW5kIHBvdmVydHkgcmVkdWN0aW9uLnBkZtIXCxgZV05TLmRhdGFPEQKUAAAAAAKUAAIAAAxNYWNpbnRvc2ggSEQAAAAAAAAAAAAAAAAAAADTpcj9SCsAAAAKA0wfd2VkZ3dvb2QtMjAwNS1lZHVjYXRpI0EyNjlCLnBkZgAAAAAAAAAAAAAAAAAAAAAAAAAAAAAAAAAAAAAAAAAAAAomm84b/zsAAAAAAAAAAAAEAAYAAAkgAAAAAAAAAAAAAAAAAAAACHdlZGd3b29kABAACAAA06YrbQAAABEACAAAzhxhqwAAAAEAHAAKA0wACZW5AAmVtgAJkzYACYukAAmLnwAGMOIAAgCLTWFjaW50b3NoIEhEOlVzZXJzOgBjbGF1czoATGlicmFyeToATW9iaWxlIERvY3VtZW50czoAM0w2OEtRQjRIR35jb21+cmVhZGRsZX5DbyM5OTVCNjoARG9jdW1lbnRzOgB3ZWRnd29vZDoAd2VkZ3dvb2QtMjAwNS1lZHVjYXRpI0EyNjlCLnBkZgAADgBkADEAdwBlAGQAZwB3AG8AbwBkAC0AMgAwADAANQAtAGUAZAB1AGMAYQB0AGkAbwBuACAAYQBuAGQAIABwAG8AdgBlAHIAdAB5ACAAcgBlAGQAdQBjAHQAaQBvAG4ALgBwAGQAZgAPABoADABNAGEAYwBpAG4AdABvAHMAaAAgAEgARAASAJBVc2Vycy9jbGF1cy9MaWJyYXJ5L01vYmlsZSBEb2N1bWVudHMvM0w2OEtRQjRIR35jb21+cmVhZGRsZX5Db21tb25Eb2N1bWVudHMvRG9jdW1lbnRzL3dlZGd3b29kL3dlZGd3b29kLTIwMDUtZWR1Y2F0aW9uIGFuZCBwb3ZlcnR5IHJlZHVjdGlvbi5wZGYAEwABLwAAFQACAAz//wAAgAbSGxwdHlokY2xhc3NuYW1lWCRjbGFzc2VzXU5TTXV0YWJsZURhdGGjHR8gVk5TRGF0YVhOU09iamVjdNIbHCIjXE5TRGljdGlvbmFyeaIiIF8QD05TS2V5ZWRBcmNoaXZlctEmJ1Ryb290gAEACAARABoAIwAtADIANwBAAEYATQBVAGAAZwBqAGwAbgBxAHMAdQB3AIQAjgEhASYBLgPGA8gDzQPYA+ED7wPzA/oEAwQIBBUEGAQqBC0EMgAAAAAAAAIBAAAAAAAAACgAAAAAAAAAAAAAAAAAAAQ0},
	Bdsk-Url-1 = {http://r4d.dfid.gov.uk/PDF/Outputs/PolicyStrategy/OXCON_Wedgwood_final.pdf}}

@techreport{Portner2014,
	Abstract = {Despite a large literature on fertility and education there has been little research on how these joint decisions are affected by risks and shocks. This paper uses data on hurricanes in Guatemala combined with a household survey to analyse how households' decisions on fertility and investments in education respond to both risk and shocks. The data on hurricanes cover the period 1880 to 1997 and allow for the calculation of hurricane risk by municipality. An increase in risk leads to higher fertility for households with land, while households without land reduce fertility. For both types of households higher risk is associated with higher education but the effect is largest for households without land. Negative shocks lead to decreases in both fertility and education. There is a compensatory effect later in life for fertility, but not for education, indicating that births "lost" to shocks can be made up but lost schooling cannot. The most convincing explanation for these patterns is parents' need for insurance.Despite a large literature on fertility and education there has been little research on how these joint decisions are affected by risks and shocks. This paper uses data on hurricanes in Guatemala combined with a household survey to analyse how households' decisions on fertility and investments in education respond to both risk and shocks. The data on hurricanes cover the period 1880 to 1997 and allow for the calculation of hurricane risk by municipality. An increase in risk leads to higher fertility for households with land, while households without land reduce fertility. For both types of households higher risk is associated with higher education but the effect is largest for households without land. Negative shocks lead to decreases in both fertility and education. There is a compensatory effect later in life for fertility, but not for education, indicating that births "lost" to shocks can be made up but lost schooling cannot. The most convincing explanation for these patterns is parents' need for insurance.},
	Address = {Seattle, WA},
	Author = {P{\"o}rtner, Claus C},
	Date-Added = {2017-07-11 20:30:49 +0000},
	Date-Modified = {2017-07-11 20:30:49 +0000},
	Institution = {Seattle University},
	Keywords = {Tanzania},
	Month = {August},
	Rating = {0},
	Title = {Gone With the Wind? Hurricane Risk, Fertility and Education},
	Type = {Working Paper},
	Year = {2014},
	Bdsk-Url-1 = {http://faculty.washington.edu/cportner/papers/gone.pdf}}

@article{kochar99,
	Abstract = {While research has demonstrated that farm households in developing economies are able to protect consumption from idiosyncratic crop shocks, little evidence shows how this is achieved. This paper examines the extent to which labor markets allow households to shift labor from farm to off-farm employment and the extent to which such a shift explains the observed lack of correlation between consumption and idiosyncratic crop shocks. The empirical analysis uses a novel measure of the idiosyncratic crop income shock that utilizes information on start-of-season cropping choices to more accurately estimate household expectations of weather.},
	Author = {Kochar, Anjini},
	Date-Added = {2017-07-11 20:30:49 +0000},
	Date-Modified = {2017-07-11 20:30:49 +0000},
	Journal = {Review of Economics and Statistics},
	Keywords = {Tanzania},
	Number = {1},
	Pages = {50--61},
	Rating = {0},
	Title = {{Smoothing Consumption by Smoothing Income: Hours-of-Work Responses to Idiosyncratic Agricultural Shocks in Rural India}},
	Volume = {81},
	Year = {1999}}

@techreport{Portner2010,
	Address = {Seattle, WA},
	Author = {P{\"o}rtner, Claus C},
	Date-Added = {2017-07-11 20:30:49 +0000},
	Date-Modified = {2017-07-11 20:30:49 +0000},
	Doi = {10.2139/ssrn.1599432},
	Institution = {Seattle University},
	Issn = {1556-5068},
	Keywords = {Tanzania},
	Rating = {0},
	Title = {{Natural Hazards and Child Health}},
	Type = {Working Paper},
	Url = {http://www.ssrn.com/abstract=1599432},
	Year = {2010},
	Bdsk-Url-1 = {http://www.ssrn.com/abstract=1599432},
	Bdsk-Url-2 = {http://dx.doi.org/10.2139/ssrn.1599432}}

@article{Newman1984,
	Author = {Newman, John L and McCulloch, Charles E},
	Date-Added = {2017-07-11 20:30:49 +0000},
	Date-Modified = {2017-07-11 20:30:49 +0000},
	Journal = {Econometrica},
	Keywords = {Tanzania, Sex selective abortions},
	Number = {4},
	Pages = {939--961},
	Rating = {0},
	Title = {A Hazard Rate Approach to the Timing of Births},
	Uri = {\url{papers2://publication/uuid/59D5AE47-BB54-44CD-B27B-512D88D0EF21}},
	Volume = {52},
	Year = {1984},
	Bdsk-File-1 = {YnBsaXN0MDDUAQIDBAUGJCVYJHZlcnNpb25YJG9iamVjdHNZJGFyY2hpdmVyVCR0b3ASAAGGoKgHCBMUFRYaIVUkbnVsbNMJCgsMDxJXTlMua2V5c1pOUy5vYmplY3RzViRjbGFzc6INDoACgAOiEBGABIAFgAdccmVsYXRpdmVQYXRoWWFsaWFzRGF0YV8Qgy4uLy4uLy4uLy4uL0xpYnJhcnkvTW9iaWxlIERvY3VtZW50cy8zTDY4S1FCNEhHfmNvbX5yZWFkZGxlfkNvbW1vbkRvY3VtZW50cy9Eb2N1bWVudHMvbmV3bWFuL25ld21hbi0xOTg0LWEgaGF6YXJkIHJhdGUgYXBwcm9hY2gucGRm0hcLGBlXTlMuZGF0YU8RAm4AAAAAAm4AAgAADE1hY2ludG9zaCBIRAAAAAAAAAAAAAAAAAAAANOlyP1IKwAAAAoBnB9uZXdtYW4tMTk4NC1hIGhhemFyZCAjQTE3REEucGRmAAAAAAAAAAAAAAAAAAAAAAAAAAAAAAAAAAAAAAAAAAAAChfa0zLFHQAAAAAAAAAAAAQABgAACSAAAAAAAAAAAAAAAAAAAAAGbmV3bWFuABAACAAA06YrbQAAABEACAAA0zMnjQAAAAEAHAAKAZwACZW5AAmVtgAJkzYACYukAAmLnwAGMOIAAgCJTWFjaW50b3NoIEhEOlVzZXJzOgBjbGF1czoATGlicmFyeToATW9iaWxlIERvY3VtZW50czoAM0w2OEtRQjRIR35jb21+cmVhZGRsZX5DbyM5OTVCNjoARG9jdW1lbnRzOgBuZXdtYW46AG5ld21hbi0xOTg0LWEgaGF6YXJkICNBMTdEQS5wZGYAAA4ATgAmAG4AZQB3AG0AYQBuAC0AMQA5ADgANAAtAGEAIABoAGEAegBhAHIAZAAgAHIAYQB0AGUAIABhAHAAcAByAG8AYQBjAGgALgBwAGQAZgAPABoADABNAGEAYwBpAG4AdABvAHMAaAAgAEgARAASAINVc2Vycy9jbGF1cy9MaWJyYXJ5L01vYmlsZSBEb2N1bWVudHMvM0w2OEtRQjRIR35jb21+cmVhZGRsZX5Db21tb25Eb2N1bWVudHMvRG9jdW1lbnRzL25ld21hbi9uZXdtYW4tMTk4NC1hIGhhemFyZCByYXRlIGFwcHJvYWNoLnBkZgAAEwABLwAAFQACAAz//wAAgAbSGxwdHlokY2xhc3NuYW1lWCRjbGFzc2VzXU5TTXV0YWJsZURhdGGjHR8gVk5TRGF0YVhOU09iamVjdNIbHCIjXE5TRGljdGlvbmFyeaIiIF8QD05TS2V5ZWRBcmNoaXZlctEmJ1Ryb290gAEACAARABoAIwAtADIANwBAAEYATQBVAGAAZwBqAGwAbgBxAHMAdQB3AIQAjgEUARkBIQOTA5UDmgOlA64DvAPAA8cD0APVA+ID5QP3A/oD/wAAAAAAAAIBAAAAAAAAACgAAAAAAAAAAAAAAAAAAAQB}}

@article{lindstrom99,
	Abstract = {We examine recent fertility trends in Ethiopia for evidence of short- and long-term responses to famine, political events, and economic decline. We use retrospective data on children ever born from the 1990 National Family and Fertility Survey to estimate trends in annual marital conception probabilities, controlling for women's demographic and socioeconomic characteristics. The results of our analysis provide evidence of significant short-term declines in conception probabilities during years of famine and major political and economic upheaval. In the longer term, marital fertility in both urban and rural areas declined in the 1980s after increasing moderately in the 1970s.},
	Author = {Lindstrom, David P and Berhanu, Betemariam},
	Date-Added = {2017-07-11 20:30:49 +0000},
	Date-Modified = {2017-07-11 20:30:49 +0000},
	Journal = {Demography},
	Keywords = {Tanzania},
	Number = {2},
	Pages = {247--261},
	Rating = {0},
	Title = {{The Impact of War, Famine, and Economic Decline on Marital Fertility in Ethiopia}},
	Volume = {36},
	Year = {1999}}

@techreport{pitt98b,
	Abstract = {This paper uses data from Senegal to examine two complementary explanations of seasonal fertility based upon the inability of households to smooth consumption and labor time over the crop seasons. First, if the value of time varies seasonally parents may wish to shift births to those months of the year when the shadow value of time, particularly women's time, is relatively low. Second, if parents care about the survival chances of their potential births, and, facing highly seasonal income streams, they are not able to smooth consumption, they may time conceptions so that births occur after harvests have been gathered and monthly income is high. In rural Senegal, births occur disproportionately in the dry season months which is consistent with both of these hypotheses. If the inability to smooth consumption and labor demand over the seasons is an important cause of the seasonal pattern of births, then unanticipated weather shocks are also likely to alter the timing of births. Estimation of a dynamic model of the joint determination of the month of birth and the probability of survival to age 24 months with a sample of rural Senegalese women from the 1986 Senegal Demographic and Health Survey reveals that fertility and mortality are indeed responsive to rainfall shocks. Positive rainfall shocks increase fertility, particularly rainfall shocks in the likely month of conception and in the prior rainy season. Simulations imply that births and deaths respond more to rainfall shocks in rural areas than they do in urban areas. Rainfall shocks result in a substantial permanent increase in surviving offspring among rural households but have essentially no effect on the number of surviving children of urban households. Since rainfall is likely to be more correlated with income shocks for rural populations than urban populations, these findings are consistent with the idea that variations in income flows, anticipated or not, are important determinants of fertility and subsequent mortality. The difference in the effect of rainfall shocks on the permanent quantity of surviving children is consistent with an insensitivity of urban incomes, as compared to rural incomes, to rainfall deviations, and the normality of the quantity of children.},
	Address = {Providence, RI},
	Author = {Pitt, Mark M and Sigle, Wendy},
	Date-Added = {2017-07-11 20:30:49 +0000},
	Date-Modified = {2017-07-11 20:30:49 +0000},
	Institution = {Brown University},
	Keywords = {Tanzania},
	Month = {April},
	Rating = {0},
	Title = {{Seasonality, Weather Shocks and the Timing of Births and Child Mortality in Senegal}},
	Type = {Working Paper},
	Uri = {\url{papers2://publication/uuid/54ED1FB9-67FE-4BAB-93F8-0E21CB915B32}},
	Year = {1998},
	Bdsk-File-1 = {YnBsaXN0MDDUAQIDBAUGJCVYJHZlcnNpb25YJG9iamVjdHNZJGFyY2hpdmVyVCR0b3ASAAGGoKgHCBMUFRYaIVUkbnVsbNMJCgsMDxJXTlMua2V5c1pOUy5vYmplY3RzViRjbGFzc6INDoACgAOiEBGABIAFgAdccmVsYXRpdmVQYXRoWWFsaWFzRGF0YV8QhC4uLy4uLy4uLy4uL0xpYnJhcnkvTW9iaWxlIERvY3VtZW50cy8zTDY4S1FCNEhHfmNvbX5yZWFkZGxlfkNvbW1vbkRvY3VtZW50cy9Eb2N1bWVudHMvcGl0dC9waXR0LTE5OTgtc2Vhc29uYWxpdHksIHdlYXRoZXIgc2hvY2tzLnBkZtIXCxgZV05TLmRhdGFPEQJwAAAAAAJwAAIAAAxNYWNpbnRvc2ggSEQAAAAAAAAAAAAAAAAAAADTpcj9SCsAAAAKADIfcGl0dC0xOTk4LXNlYXNvbmFsaXR5I0ExNzExLnBkZgAAAAAAAAAAAAAAAAAAAAAAAAAAAAAAAAAAAAAAAAAAAAoXEdMyzn8AAAAAAAAAAAAEAAYAAAkgAAAAAAAAAAAAAAAAAAAABHBpdHQAEAAIAADTpittAAAAEQAIAADTMzDvAAAAAQAcAAoAMgAJlbkACZW2AAmTNgAJi6QACYufAAYw4gACAIdNYWNpbnRvc2ggSEQ6VXNlcnM6AGNsYXVzOgBMaWJyYXJ5OgBNb2JpbGUgRG9jdW1lbnRzOgAzTDY4S1FCNEhHfmNvbX5yZWFkZGxlfkNvIzk5NUI2OgBEb2N1bWVudHM6AHBpdHQ6AHBpdHQtMTk5OC1zZWFzb25hbGl0eSNBMTcxMS5wZGYAAA4AVAApAHAAaQB0AHQALQAxADkAOQA4AC0AcwBlAGEAcwBvAG4AYQBsAGkAdAB5ACwAIAB3AGUAYQB0AGgAZQByACAAcwBoAG8AYwBrAHMALgBwAGQAZgAPABoADABNAGEAYwBpAG4AdABvAHMAaAAgAEgARAASAIRVc2Vycy9jbGF1cy9MaWJyYXJ5L01vYmlsZSBEb2N1bWVudHMvM0w2OEtRQjRIR35jb21+cmVhZGRsZX5Db21tb25Eb2N1bWVudHMvRG9jdW1lbnRzL3BpdHQvcGl0dC0xOTk4LXNlYXNvbmFsaXR5LCB3ZWF0aGVyIHNob2Nrcy5wZGYAEwABLwAAFQACAAz//wAAgAbSGxwdHlokY2xhc3NuYW1lWCRjbGFzc2VzXU5TTXV0YWJsZURhdGGjHR8gVk5TRGF0YVhOU09iamVjdNIbHCIjXE5TRGljdGlvbmFyeaIiIF8QD05TS2V5ZWRBcmNoaXZlctEmJ1Ryb290gAEACAARABoAIwAtADIANwBAAEYATQBVAGAAZwBqAGwAbgBxAHMAdQB3AIQAjgEVARoBIgOWA5gDnQOoA7EDvwPDA8oD0wPYA+UD6AP6A/0EAgAAAAAAAAIBAAAAAAAAACgAAAAAAAAAAAAAAAAAAAQE}}

@article{Rosenzweig1989,
	Abstract = {Information from two U.S. fertility surveys on couples' knowledge about the use of specific contraceptives are used to estimate the technology of human reproduction in order to examine the association between schooling and productivity in the household sector. The results indicate that more schooled couples have a wider knowledge of contraceptive methods; use more efficiently those contraceptive methods for which there is little information and large scope for misuse; and are better able to mitigate the effects of their biological constraints (fecundity) on their fertility compared to less-schooled couples.},
	Author = {Rosenzweig, Mark R and Schultz, T Paul},
	Date-Added = {2017-07-11 20:30:49 +0000},
	Date-Modified = {2017-07-11 20:30:49 +0000},
	Journal = {International Economic Review},
	Keywords = {Oxford chapter, Tanzania},
	Number = {2},
	Pages = {457--477},
	Publisher = {JSTOR},
	Rating = {0},
	Title = {{Schooling, information and nonmarket productivity: Contraceptive use and its effectiveness}},
	Url = {http://www.jstor.org/stable/2526657},
	Volume = {30},
	Year = {1989},
	Bdsk-File-1 = {YnBsaXN0MDDUAQIDBAUGJCVYJHZlcnNpb25YJG9iamVjdHNZJGFyY2hpdmVyVCR0b3ASAAGGoKgHCBMUFRYaIVUkbnVsbNMJCgsMDxJXTlMua2V5c1pOUy5vYmplY3RzViRjbGFzc6INDoACgAOiEBGABIAFgAdccmVsYXRpdmVQYXRoWWFsaWFzRGF0YV8QmS4uLy4uLy4uLy4uL0xpYnJhcnkvTW9iaWxlIERvY3VtZW50cy8zTDY4S1FCNEhHfmNvbX5yZWFkZGxlfkNvbW1vbkRvY3VtZW50cy9Eb2N1bWVudHMvcm9zZW56d2VpZy9yb3Nlbnp3ZWlnLTE5ODktc2Nob29saW5nLCBpbmZvcm1hdGlvbiBhbmQgbm9ubWFya2V0LnBkZtIXCxgZV05TLmRhdGFPEQKwAAAAAAKwAAIAAAxNYWNpbnRvc2ggSEQAAAAAAAAAAAAAAAAAAADTpcj9SCsAAAAJ/34fcm9zZW56d2VpZy0xOTg5LXNjaG9vI0ExNzgzLnBkZgAAAAAAAAAAAAAAAAAAAAAAAAAAAAAAAAAAAAAAAAAAAAoXg8rbI8cAAAAAAAAAAAAEAAYAAAkgAAAAAAAAAAAAAAAAAAAACnJvc2VuendlaWcAEAAIAADTpittAAAAEQAIAADK24Y3AAAAAQAcAAn/fgAJlbkACZW2AAmTNgAJi6QACYufAAYw4gACAI1NYWNpbnRvc2ggSEQ6VXNlcnM6AGNsYXVzOgBMaWJyYXJ5OgBNb2JpbGUgRG9jdW1lbnRzOgAzTDY4S1FCNEhHfmNvbX5yZWFkZGxlfkNvIzk5NUI2OgBEb2N1bWVudHM6AHJvc2VuendlaWc6AHJvc2VuendlaWctMTk4OS1zY2hvbyNBMTc4My5wZGYAAA4AcgA4AHIAbwBzAGUAbgB6AHcAZQBpAGcALQAxADkAOAA5AC0AcwBjAGgAbwBvAGwAaQBuAGcALAAgAGkAbgBmAG8AcgBtAGEAdABpAG8AbgAgAGEAbgBkACAAbgBvAG4AbQBhAHIAawBlAHQALgBwAGQAZgAPABoADABNAGEAYwBpAG4AdABvAHMAaAAgAEgARAASAJlVc2Vycy9jbGF1cy9MaWJyYXJ5L01vYmlsZSBEb2N1bWVudHMvM0w2OEtRQjRIR35jb21+cmVhZGRsZX5Db21tb25Eb2N1bWVudHMvRG9jdW1lbnRzL3Jvc2VuendlaWcvcm9zZW56d2VpZy0xOTg5LXNjaG9vbGluZywgaW5mb3JtYXRpb24gYW5kIG5vbm1hcmtldC5wZGYAABMAAS8AABUAAgAM//8AAIAG0hscHR5aJGNsYXNzbmFtZVgkY2xhc3Nlc11OU011dGFibGVEYXRhox0fIFZOU0RhdGFYTlNPYmplY3TSGxwiI1xOU0RpY3Rpb25hcnmiIiBfEA9OU0tleWVkQXJjaGl2ZXLRJidUcm9vdIABAAgAEQAaACMALQAyADcAQABGAE0AVQBgAGcAagBsAG4AcQBzAHUAdwCEAI4BKgEvATcD6wPtA/ID/QQGBBQEGAQfBCgELQQ6BD0ETwRSBFcAAAAAAAACAQAAAAAAAAAoAAAAAAAAAAAAAAAAAAAEWQ==},
	Bdsk-Url-1 = {http://www.jstor.org/stable/2526657}}

@article{Maccini2009,
	Abstract = {We examine the effect of early-life rainfall on the health, education, and socioeconomic outcomes of Indonesian adults. We link historical rainfall for each individual's birth year and birth location with adult outcomes from the 2000 Indonesia Family Life Survey (IFLS). Higher early-life rainfall has large positive effects on the adult outcomes of women, but not of men. Women with 20 percent higher rainfall (relative to the local norm) are 0.57 centimeters taller, complete 0.22 more schooling grades, and live in households scoring 0.12 standard deviations higher on an asset index. Schooling attainment appears to mediate the impact on adult women's socioeconomic status. (JEL I12, I21, J16, O15)},
	Author = {Maccini, Sharon and Yang, Dean},
	Date-Added = {2017-07-11 20:30:49 +0000},
	Date-Modified = {2017-07-11 20:30:49 +0000},
	Doi = {10.1257/aer.99.3.1006},
	Journal = {American Economic Review},
	Keywords = {slum, Tanzania},
	Number = {3},
	Pages = {1006--1026},
	Rating = {0},
	Title = {{Under the Weather: Health, Schooling, and Economic Consequences of Early-Life Rainfall}},
	Volume = {99},
	Year = {2009},
	Bdsk-File-1 = {YnBsaXN0MDDUAQIDBAUGJCVYJHZlcnNpb25YJG9iamVjdHNZJGFyY2hpdmVyVCR0b3ASAAGGoKgHCBMUFRYaIVUkbnVsbNMJCgsMDxJXTlMua2V5c1pOUy5vYmplY3RzViRjbGFzc6INDoACgAOiEBGABIAFgAdccmVsYXRpdmVQYXRoWWFsaWFzRGF0YV8QiC4uLy4uLy4uLy4uL0xpYnJhcnkvTW9iaWxlIERvY3VtZW50cy8zTDY4S1FCNEhHfmNvbX5yZWFkZGxlfkNvbW1vbkRvY3VtZW50cy9Eb2N1bWVudHMvbWFjY2luaS9tYWNjaW5pLTIwMDktdW5kZXIgdGhlIHdlYXRoZXIgaGVhbHRoLC5wZGbSFwsYGVdOUy5kYXRhTxECfAAAAAACfAACAAAMTWFjaW50b3NoIEhEAAAAAAAAAAAAAAAAAAAA06XI/UgrAAAACf/mH21hY2NpbmktMjAwOS11bmRlciB0aCNBMTk1RS5wZGYAAAAAAAAAAAAAAAAAAAAAAAAAAAAAAAAAAAAAAAAAAAAKGV7K2x93AAAAAAAAAAAABAAGAAAJIAAAAAAAAAAAAAAAAAAAAAdtYWNjaW5pAAAQAAgAANOmK20AAAARAAgAAMrbgecAAAABABwACf/mAAmVuQAJlbYACZM2AAmLpAAJi58ABjDiAAIAik1hY2ludG9zaCBIRDpVc2VyczoAY2xhdXM6AExpYnJhcnk6AE1vYmlsZSBEb2N1bWVudHM6ADNMNjhLUUI0SEd+Y29tfnJlYWRkbGV+Q28jOTk1QjY6AERvY3VtZW50czoAbWFjY2luaToAbWFjY2luaS0yMDA5LXVuZGVyIHRoI0ExOTVFLnBkZgAOAFYAKgBtAGEAYwBjAGkAbgBpAC0AMgAwADAAOQAtAHUAbgBkAGUAcgAgAHQAaABlACAAdwBlAGEAdABoAGUAcgAgAGgAZQBhAGwAdABoACwALgBwAGQAZgAPABoADABNAGEAYwBpAG4AdABvAHMAaAAgAEgARAASAIhVc2Vycy9jbGF1cy9MaWJyYXJ5L01vYmlsZSBEb2N1bWVudHMvM0w2OEtRQjRIR35jb21+cmVhZGRsZX5Db21tb25Eb2N1bWVudHMvRG9jdW1lbnRzL21hY2NpbmkvbWFjY2luaS0yMDA5LXVuZGVyIHRoZSB3ZWF0aGVyIGhlYWx0aCwucGRmABMAAS8AABUAAgAM//8AAIAG0hscHR5aJGNsYXNzbmFtZVgkY2xhc3Nlc11OU011dGFibGVEYXRhox0fIFZOU0RhdGFYTlNPYmplY3TSGxwiI1xOU0RpY3Rpb25hcnmiIiBfEA9OU0tleWVkQXJjaGl2ZXLRJidUcm9vdIABAAgAEQAaACMALQAyADcAQABGAE0AVQBgAGcAagBsAG4AcQBzAHUAdwCEAI4BGQEeASYDpgOoA60DuAPBA88D0wPaA+MD6AP1A/gECgQNBBIAAAAAAAACAQAAAAAAAAAoAAAAAAAAAAAAAAAAAAAEFA==},
	Bdsk-Url-1 = {http://www.atypon-link.com/AEAP/doi/abs/10.1257/aer.99.3.1006},
	Bdsk-Url-2 = {http://dx.doi.org/10.1257/aer.99.3.1006}}

@article{bengtsson06,
	Abstract = {In this article, we analyze fertility control in a rural population characterized by natural fertility, using survival analysis on a longitudinal data set at the individual level combined with food prices. Landless and semilandless families responded strongly to short-term economic stress stemming from changes in prices. The fertility response, both to moderate and large changes in food prices, was the strongest within six months after prices changed in the fall, which means that the response was deliberate. People foresaw bad times and planned their fertility accordingly. The result highlights the importance of deliberate control of the timing of childbirth before the fertility transition, not in order to achieve a certain family size but, as in this case, to reduce the negative impacts of short-term economic stress.},
	Author = {Bengtsson, Tommy and Dribe, Martin},
	Date-Added = {2017-07-11 20:30:49 +0000},
	Date-Modified = {2017-07-11 20:30:49 +0000},
	Journal = {Demography},
	Keywords = {Tanzania, Oxford chapter},
	Number = {4},
	Pages = {727--746},
	Rating = {0},
	Title = {{Deliberate Control in a Natural Fertility Population: Southern Sweden, 1766-1864}},
	Volume = {43},
	Year = {2006},
	Bdsk-File-1 = {YnBsaXN0MDDUAQIDBAUGJCVYJHZlcnNpb25YJG9iamVjdHNZJGFyY2hpdmVyVCR0b3ASAAGGoKgHCBMUFRYaIVUkbnVsbNMJCgsMDxJXTlMua2V5c1pOUy5vYmplY3RzViRjbGFzc6INDoACgAOiEBGABIAFgAdccmVsYXRpdmVQYXRoWWFsaWFzRGF0YV8Qki4uLy4uLy4uLy4uL0xpYnJhcnkvTW9iaWxlIERvY3VtZW50cy8zTDY4S1FCNEhHfmNvbX5yZWFkZGxlfkNvbW1vbkRvY3VtZW50cy9Eb2N1bWVudHMvYmVuZ3Rzc29uL2Jlbmd0c3Nvbi0yMDA2LWRlbGliZXJhdGUgY29udHJvbCBpbiBhIG5hdHVyYWwucGRm0hcLGBlXTlMuZGF0YU8RApoAAAAAApoAAgAADE1hY2ludG9zaCBIRAAAAAAAAAAAAAAAAAAAANOlyP1IKwAAAAn/ox9iZW5ndHNzb24tMjAwNi1kZWxpYmUjQTE5MkQucGRmAAAAAAAAAAAAAAAAAAAAAAAAAAAAAAAAAAAAAAAAAAAAChkt0zLywwAAAAAAAAAAAAQABgAACSAAAAAAAAAAAAAAAAAAAAAJYmVuZ3Rzc29uAAAQAAgAANOmK20AAAARAAgAANMzVTMAAAABABwACf+jAAmVuQAJlbYACZM2AAmLpAAJi58ABjDiAAIAjE1hY2ludG9zaCBIRDpVc2VyczoAY2xhdXM6AExpYnJhcnk6AE1vYmlsZSBEb2N1bWVudHM6ADNMNjhLUUI0SEd+Y29tfnJlYWRkbGV+Q28jOTk1QjY6AERvY3VtZW50czoAYmVuZ3Rzc29uOgBiZW5ndHNzb24tMjAwNi1kZWxpYmUjQTE5MkQucGRmAA4AZgAyAGIAZQBuAGcAdABzAHMAbwBuAC0AMgAwADAANgAtAGQAZQBsAGkAYgBlAHIAYQB0AGUAIABjAG8AbgB0AHIAbwBsACAAaQBuACAAYQAgAG4AYQB0AHUAcgBhAGwALgBwAGQAZgAPABoADABNAGEAYwBpAG4AdABvAHMAaAAgAEgARAASAJJVc2Vycy9jbGF1cy9MaWJyYXJ5L01vYmlsZSBEb2N1bWVudHMvM0w2OEtRQjRIR35jb21+cmVhZGRsZX5Db21tb25Eb2N1bWVudHMvRG9jdW1lbnRzL2Jlbmd0c3Nvbi9iZW5ndHNzb24tMjAwNi1kZWxpYmVyYXRlIGNvbnRyb2wgaW4gYSBuYXR1cmFsLnBkZgATAAEvAAAVAAIADP//AACABtIbHB0eWiRjbGFzc25hbWVYJGNsYXNzZXNdTlNNdXRhYmxlRGF0YaMdHyBWTlNEYXRhWE5TT2JqZWN00hscIiNcTlNEaWN0aW9uYXJ5oiIgXxAPTlNLZXllZEFyY2hpdmVy0SYnVHJvb3SAAQAIABEAGgAjAC0AMgA3AEAARgBNAFUAYABnAGoAbABuAHEAcwB1AHcAhACOASMBKAEwA84D0APVA+AD6QP3A/sEAgQLBBAEHQQgBDIENQQ6AAAAAAAAAgEAAAAAAAAAKAAAAAAAAAAAAAAAAAAABDw=}}

@article{Evans2010,
	Author = {Evans, Richard W and Hu, Yingyao and Zhao, Zhong},
	Date-Added = {2017-07-11 20:30:49 +0000},
	Date-Modified = {2017-07-11 20:30:49 +0000},
	Doi = {10.1007/s00148-008-0219-2},
	Journal = {Journal of Population Economics},
	Keywords = {Tanzania},
	Number = {1},
	Pages = {1--36},
	Rating = {0},
	Title = {{The fertility effect of catastrophe: U.S. hurricane births}},
	Url = {http://www.springerlink.com/index/10.1007/s00148-008-0219-2},
	Volume = {23},
	Year = {2010},
	Bdsk-File-1 = {YnBsaXN0MDDUAQIDBAUGJCVYJHZlcnNpb25YJG9iamVjdHNZJGFyY2hpdmVyVCR0b3ASAAGGoKgHCBMUFRYaIVUkbnVsbNMJCgsMDxJXTlMua2V5c1pOUy5vYmplY3RzViRjbGFzc6INDoACgAOiEBGABIAFgAdccmVsYXRpdmVQYXRoWWFsaWFzRGF0YV8Qji4uLy4uLy4uLy4uL0xpYnJhcnkvTW9iaWxlIERvY3VtZW50cy8zTDY4S1FCNEhHfmNvbX5yZWFkZGxlfkNvbW1vbkRvY3VtZW50cy9Eb2N1bWVudHMvZXZhbnMvZXZhbnMtMjAxMC10aGUgZmVydGlsaXR5IGVmZmVjdCBvZiBjYXRhc3Ryb3BoZS5wZGbSFwsYGVdOUy5kYXRhTxECjgAAAAACjgACAAAMTWFjaW50b3NoIEhEAAAAAAAAAAAAAAAAAAAA06XI/UgrAAAACgDjH2V2YW5zLTIwMTAtdGhlIGZlcnRpbCNBMTVGOS5wZGYAAAAAAAAAAAAAAAAAAAAAAAAAAAAAAAAAAAAAAAAAAAAKFfnK2x9JAAAAAAAAAAAABAAGAAAJIAAAAAAAAAAAAAAAAAAAAAVldmFucwAAEAAIAADTpittAAAAEQAIAADK24G5AAAAAQAcAAoA4wAJlbkACZW2AAmTNgAJi6QACYufAAYw4gACAIhNYWNpbnRvc2ggSEQ6VXNlcnM6AGNsYXVzOgBMaWJyYXJ5OgBNb2JpbGUgRG9jdW1lbnRzOgAzTDY4S1FCNEhHfmNvbX5yZWFkZGxlfkNvIzk5NUI2OgBEb2N1bWVudHM6AGV2YW5zOgBldmFucy0yMDEwLXRoZSBmZXJ0aWwjQTE1RjkucGRmAA4AZgAyAGUAdgBhAG4AcwAtADIAMAAxADAALQB0AGgAZQAgAGYAZQByAHQAaQBsAGkAdAB5ACAAZQBmAGYAZQBjAHQAIABvAGYAIABjAGEAdABhAHMAdAByAG8AcABoAGUALgBwAGQAZgAPABoADABNAGEAYwBpAG4AdABvAHMAaAAgAEgARAASAI5Vc2Vycy9jbGF1cy9MaWJyYXJ5L01vYmlsZSBEb2N1bWVudHMvM0w2OEtRQjRIR35jb21+cmVhZGRsZX5Db21tb25Eb2N1bWVudHMvRG9jdW1lbnRzL2V2YW5zL2V2YW5zLTIwMTAtdGhlIGZlcnRpbGl0eSBlZmZlY3Qgb2YgY2F0YXN0cm9waGUucGRmABMAAS8AABUAAgAM//8AAIAG0hscHR5aJGNsYXNzbmFtZVgkY2xhc3Nlc11OU011dGFibGVEYXRhox0fIFZOU0RhdGFYTlNPYmplY3TSGxwiI1xOU0RpY3Rpb25hcnmiIiBfEA9OU0tleWVkQXJjaGl2ZXLRJidUcm9vdIABAAgAEQAaACMALQAyADcAQABGAE0AVQBgAGcAagBsAG4AcQBzAHUAdwCEAI4BHwEkASwDvgPAA8UD0APZA+cD6wPyA/sEAAQNBBAEIgQlBCoAAAAAAAACAQAAAAAAAAAoAAAAAAAAAAAAAAAAAAAELA==},
	Bdsk-Url-1 = {http://www.springerlink.com/index/10.1007/s00148-008-0219-2},
	Bdsk-Url-2 = {http://dx.doi.org/10.1007/s00148-008-0219-2}}
